3942 5592
443 467 503 533 204

406 579 680 658 biles,auiculcitac
687 578 869 642 mslinebant
874 578 1198 660 orassetampttssimm
1207 567 1468 659 Ordo,ac'majares
1473 576 1634 651 manistra-

359 729 362 733 .
407 683 456 742 tus
469 695 535 738 cum
547 676 667 754 urbani,
682 677 743 734 tum
756 664 899 736 militares
912 677 1118 754 sequebantur.
1133 675 1265 738 Tandem
1277 676 1376 737 altera
1385 672 1524 752 peditum
1530 671 1633 731 cobars

350 843 352 848 Ι
409 767 566 830 claudebat
574 768 1017 844 pampamsouamp'tninetructi
1025 787 1141 831 eaarce
1153 786 1209 848 per
1224 770 1457 832 Frcnaccncn
1469 762 1504 818 in
1518 755 1637 819 Toleta-

404 879 478 924 nom
491 866 629 942 inpressi,
639 862 708 924 inde
721 867 753 921 in
765 856 1014 935 Mataloncnsium
1027 855 1121 916 Diras
1135 858 1216 915 aiam
1228 856 1438 934 dipredienles,
1447 859 1481 914 in
1491 852 1565 915 Diri
1575 853 1636 914 Da-

405 954 509 1014 minici
532 953 634 1013 oedem
651 952 874 1029 perduxerunt.
900 949 1022 1012 Postero
1036 947 1086 1010 die
1092 951 1246 1032 justitium
1259 951 1428 1020 indictum3
1443 951 1470 1008 et
1484 950 1563 1007 ciues
1573 942 1637 1021 fre·

405 1044 588 1122 quentcssim
601 1045 633 1101 in
655 1039 773 1117 funeris
786 1043 887 1102 aedem
910 1041 1074 1120 confirmes,
1097 1041 1201 1119 picibus
1223 1045 1256 1102 in
1278 1041 1357 1103 bunc
1380 1040 1500 1101 madum
1523 1036 1633 1096 aenda
1709 1101 1712 1105 ,

402 1140 512 1215 patuit.
529 1137 566 1198 ln
580 1137 683 1214 ternpli
695 1135 795 1213 [cona
804 1139 928 1214 pictura
941 1140 1049 1212 inerat,
1061 1154 1136 1214 quae
1146 1135 1247 1215 tencpli
1255 1135 1430 1197 uestibulum
1439 1150 1480 1194 ca
1489 1143 1638 1192 mamare

407 1230 520 1313 affabre
544 1232 738 1290 incrustatum
763 1227 929 1307 rescrebat:
943 1232 1033 1305 atque
1045 1226 1131 1304 frons
1144 1233 1212 1307 ipsa
1224 1230 1321 1306 rupeis
1336 1231 1443 1289 ornata
1461 1225 1547 1284 vittis
1560 1234 1638 1278 auro

406 1321 509 1383 textili
518 1319 909 1396 fimbriatisadmoestitiom
923 1319 1041 1380 maara
1052 1319 1123 1380 binc
1131 1325 1220 1397 atque
1230 1317 1301 1379 binc
1309 1323 1386 1379 inter
1398 1316 1638 1388 antarcticum

405 1427 573 1471 marmorea
580 1413 736 1485 utriusque
741 1411 891 1486 oirisipna
903 1410 987 1471 uillis
999 1411 1134 1488 adpensa
1146 1409 1376 1472 videbantur.1n
1386 1400 1526 1468 uestibulo
1533 1396 1638 1460 tabula

406 1505 696 1578 inscripta,quarum
703 1497 944 1578 funusoirarum,
958 1519 1012 1562 cur
1023 1505 1057 1561 in
1070 1520 1105 1562 co
1113 1506 1302 1580 potissimum
1315 1498 1433 1577 templa,
1448 1509 1505 1574 ouo
1520 1491 1635 1566 merito,

406 1605 433 1662 cl
445 1616 464 1659 o
478 1613 536 1675 quo
548 1595 714 1672 indictum,
728 1593 860 1654 monebat
873 1594 959 1659 ciues.
975 1595 1125 1658 Ioelerr'ora
1136 1596 1256 1675 templi,
1269 1613 1345 1674 quoe
1358 1595 1479 1655 tectorio
1493 1603 1580 1667 apere
1591 1588 1639 1643 in·

357 1694 359 1699 ’
406 1687 773 1762 duciosunl,niprisilem
787 1686 929 1748 distincta
941 1690 1036 1766 ciliis,
1046 1689 1173 1747 ctoittac
1184 1691 1357 1763 inspeciem
1367 1678 1640 1760 aorcprcereerce,

407 1783 455 1844 ccl
468 1799 554 1859 super
567 1779 693 1841 testacca
712 1778 805 1841 lorica
824 1785 929 1859 arpute
951 1784 1151 1843 cacumebont
1162 1807 1172 1862 3
1185 1784 1231 1845 ael
1244 1790 1276 1845 in
1290 1782 1431 1846 basilicae
1450 1793 1561 1838 corono
1573 1774 1639 1832 arte

408 1871 657 1935 contrahebantur
669 1877 702 1932 iu
715 1873 819 1950 nodos,
830 1877 862 1933 ut
872 1871 941 1934 biom
954 1878 1045 1955 atque
1058 1873 1128 1936 binc
1135 1893 1191 1953 per
1201 1892 1325 1936 arcuum
1334 1891 1414 1934 uasta
1424 1863 1640 1949 quodammado

404 1965 564 2044 pendentes
576 1959 708 2040 facerent
721 1961 914 2043 sinon-inpos
922 1966 1019 2027 valois
1032 1965 1238 2045 detmntorum
1247 1970 1345 2036 icones
1354 1971 1488 2026 uirorum
1496 1953 1641 2037 prapbtce

408 2077 580 2140 cupressea,
596 2065 629 2120 in
643 2076 719 2137 quas
733 2065 899 2122 contuentes
913 2067 1013 2140 circs,
1030 2063 1102 2125 dum
1115 2078 1217 2123 earum
1229 2067 1390 2124 memorant
1404 2063 1483 2137 vitae
1499 2056 1638 2124 adversa,

408 2159 436 2215 ct
446 2152 569 2230 funeris
578 2150 696 2229 publici
711 2152 904 2228 praeclarum
924 2161 1056 2234 spectant
1077 2155 1235 2233 bonorem,
1251 2155 1361 2216 &nuni
1375 2154 1516 2214 Numinis
1536 2153 1638 2228 proui-

409 2245 539 2308 acutiam
552 2245 751 2303 admirantur.
765 2241 813 2304 Ad
824 2259 952 2306 summos
965 2252 1063 2308 autem
1075 2264 1198 2307 arcuum
1211 2244 1336 2324 anpulas
1349 2242 1466 2305 tabulae
1472 2245 1573 2320 pictae
1586 2239 1641 2297 ad·

405 2354 519 2418 pensae
534 2380 543 2414 ,
556 2341 584 2395 ct
598 2339 640 2397 act
651 2340 726 2398 imas
741 2338 858 2400 tabutas
872 2359 926 2402 ceu
937 2344 1050 2404 cooluti
1061 2343 1195 2404 codicilli
1215 2342 1371 2420 applicati.
1393 2337 1526 2401 Tabulae
1541 2340 1639 2395 cuca

408 2434 569 2510 picturas,
584 2428 717 2490 codicilli
730 2434 862 2489 ammana
876 2431 1079 2493 emblematum
1092 2432 1282 2493 exhibebant.
1296 2430 1374 2492 Hinc
1388 2433 1430 2491 ad
1441 2425 1579 2505 pilarum
1588 2443 1636 2483 ca·

408 2527 479 2601 pita
492 2567 501 2599 ,
515 2539 603 2599 saper
616 2536 691 2596 quas
705 2524 765 2596 ipsi
772 2522 904 2598 pendent
919 2539 1020 2599 arcus,
1036 2527 1225 2603 antiquorum
1237 2522 1385 2601 exemplo,
1396 2525 1450 2597 qui
1463 2521 1547 2579 dicta
1559 2523 1639 2578 citae

409 2614 528 2691 apenda
539 2611 628 2672 utilia
640 2610 833 2672 inscribebant
847 2616 879 2672 in
892 2613 1175 2693 templis,ejusmodi
1186 2616 1267 2693 elicta
1280 2632 1296 2674 e
1309 2631 1341 2672 rc
1356 2618 1427 2673 noto
1440 2610 1641 2673 incautioribus

410 2708 525 2773 tabellis
534 2712 694 2786 proposita
703 2707 921 2786 tepebuntur,ac
930 2712 991 2769 tum
1003 2712 1160 2787 diclo,tum
1171 2710 1342 2771 emblemata
1351 2711 1398 2772 acl
1407 2707 1503 2770 nobile
1512 2713 1643 2770 cirarua

291 2843 294 2849 ·
414 2799 991 2882 panus,virtutensortunam,facta,ael
1003 2803 1094 2881 Repis
1107 2811 1140 2864 in
1153 2823 1201 2867 cos
1211 2809 1352 2883 pictatem
1365 2811 1394 2868 et
1403 2803 1642 2880 munificentiam,

415 2895 463 2958 acl
476 2900 620 2959 em'raium
630 2894 747 2972 publici
760 2892 879 2969 funeris
892 2891 1032 2955 bonorem
1046 2896 1262 2975 slpmficabant.
1271 2898 1310 2957 At
1323 2901 1357 2957 in
1370 2898 1470 2957 media
1483 2896 1557 2956 aede
1571 2897 1641 2954 tan·

417 2991 560 3066 pororius
580 2991 730 3062 tamquam
744 3003 785 3045 ca
804 2983 987 3064 porpbprite
1009 2987 1137 3048 tumulus
1161 2989 1370 3066 quadranpula
1382 2988 1461 3066 sciria
1481 2988 1639 3046 eatruclus

410 3083 485 3155 erut,
499 3084 551 3156 qut
566 3095 626 3155 pra
651 3077 787 3140 basilicae
808 3078 894 3138 recocto
916 3076 1013 3137 latera
1026 3076 1124 3154 frome
1138 3077 1261 3140 babebat
1281 3081 1467 3159 abloupioro:
1488 3083 1573 3154 isque
1583 3093 1641 3152 par

412 3172 525 3250 produc
532 3171 705 3250 sastlpiotus
714 3190 821 3233 caraem
831 3174 934 3252 templi
941 3177 1023 3233 tonus
1038 3173 1226 3252 easurpebat.
1238 3174 1276 3235 In
1288 3174 1394 3235 tmauli
1406 3174 1481 3248 basi,
1492 3189 1567 3249 qmcc
1578 3169 1641 3231 aol-

416 3279 470 3325 oas
481 3261 643 3340 spectabat,
655 3260 790 3341 Sanprii,
805 3260 842 3320 ab
855 3262 947 3322 altari
962 3280 1031 3321 uero
1048 3263 1170 3342 Capycii
1182 3264 1365 3342 epitopbium
1376 3262 1534 3340 leuabatur.
1553 3261 1643 3318 Circo

413 3362 503 3416 imum
516 3353 657 3413 tuumtum
671 3354 819 3430 complura
833 3360 860 3416 et
870 3357 1002 3433 inperitia
1015 3371 1056 3413 ca
1071 3359 1193 3431 arpenta
1206 3355 1395 3431 candelabra,
1409 3359 1437 3415 el
1451 3354 1514 3414 alia
1524 3369 1579 3428 per
1592 3355 1638 3410 tu·

412 3450 485 3510 muli
497 3450 608 3526 aradus
622 3455 738 3527 spissim
750 3453 873 3527 statuta,
884 3456 912 3513 ct
926 3470 942 3512 e
954 3466 1081 3513 mmaroc
1091 3450 1169 3514 basis
1182 3451 1297 3529 capulis
1310 3451 1373 3512 alio
1384 3455 1470 3529 quasi
1482 3449 1642 3509 multorum

412 3545 554 3607 luminum
576 3543 696 3621 ferculo
713 3547 754 3607 ad
767 3563 909 3606 nummum
922 3563 1013 3624 respue
1027 3547 1171 3608 tumulum
1185 3548 1396 3628 cousurpcbaut
1402 3568 1415 3619 ,-
1429 3551 1471 3607 ita
1483 3550 1515 3605 ut
1528 3548 1642 3605 cunctis

413 3645 553 3718 accensis,
569 3645 596 3702 ct
610 3658 668 3718 per
682 3657 823 3701 mmmam
843 3645 1067 3702 cmminrcitalem
1086 3647 1253 3721 copiamque
1266 3643 1414 3720 dispositis
1436 3658 1496 3701 nan
1509 3640 1642 3702 tumulus

414 3736 566 3814 collucere,
579 3735 632 3819 sed
639 3752 721 3814 pyra
740 3739 897 3813 instaretis,
910 3740 943 3796 ut
966 3741 1010 3796 ita
1023 3739 1130 3814 dicam,
1145 3735 1261 3815 sambra
1273 3739 1454 3817 cmifiaprarc
1477 3733 1640 3792 uideretur.

418 3828 477 3892 Sed
487 3847 597 3892 summo
607 3830 718 3892 tumulo
727 3830 845 3905 culcita,
856 3848 945 3907 quom
954 3833 1099 3909 aarum,
1126 3837 1255 3893 conecto
1280 3832 1367 3894 illota
1384 3848 1478 3894 ossa:
1502 3847 1538 3890 ac
1557 3847 1646 3908 super

416 3937 451 3980 eo
473 3938 513 3981 aa
531 3938 603 3981 auro
618 3919 912 3999 teatitipnloinaria,
927 3940 963 3982 ac
985 3927 1108 4000 insuper
1121 3929 1266 4003 scipiones
1288 3925 1439 4003 mdrtams,
1454 3941 1548 3999 enses,
1562 3942 1646 3985 cora·

414 4029 481 4074 nae.
497 4013 599 4073 Altam
612 4017 719 4094 omem,
733 4031 861 4093 araeque
872 4018 976 4092 spissis
990 4014 1146 4078 luminibus
1159 4015 1306 4092 inlustres,
1319 4021 1347 4076 et
1360 4032 1445 4078 sacro
1455 4019 1644 4079 instrumento

408 4105 602 4182 praedivites,
616 4108 703 4182 atque
716 4111 748 4166 in
758 4109 795 4167 iis
805 4111 971 4168 umocrnem
978 4123 1063 4166 mane
1076 4105 1201 4185 inseriae
1209 4105 1385 4170 celebratae.
1403 4108 1531 4170 Tandem
1539 4109 1646 4178 solam

414 4215 450 4259 ne
463 4215 580 4258 sacrum
603 4207 634 4261 tu
654 4202 747 4262 altori
757 4204 799 4264 ad
811 4203 1015 4281 spmpbauiam
1028 4202 1158 4282 tactum,
1173 4210 1221 4264 ccci
1233 4201 1367 4267 Daunius
1381 4204 1518 4283 storeae,
1533 4210 1561 4265 ct
1575 4215 1645 4285 pri-

415 4297 514 4352 mario
534 4311 568 4352 ac
582 4293 739 4357 lectissima
757 4293 871 4371 semino
890 4296 1028 4357 Barbara
1042 4301 1141 4360 Cautes
1155 4297 1273 4358 Darem
1289 4294 1458 4377 irorepiaa,
1474 4301 1646 4365 decuriones

416 4386 556 4462 clm'tatis,
571 4402 697 4447 curamus
710 4387 845 4462 Senatus,
859 4392 1021 4466 caeterique
1040 4393 1241 4467 mapistratus,
1256 4406 1292 4450 ac
1311 4388 1453 4450 militares
1472 4390 1593 4470 tribuni,
1608 4411 1646 4452 ac

411 4477 546 4553 plurima
568 4480 716 4541 Nobilitas
730 4481 868 4558 adsuere.
886 4480 1066 4546 Soleoraibus
1080 4489 1217 4565 operatis,
1233 4487 1409 4547 Benedictus
1425 4484 1581 4548 lacunas
1594 4490 1645 4548 de·

415 4568 529 4642 sanctos
537 4589 596 4647 pro
607 4577 743 4650 supposta
755 4575 896 4649 praoibus
913 4593 1012 4635 rarum
1024 4580 1215 4655 arpuraentls,
1227 4583 1253 4636 ct
1267 4576 1386 4637 I’atmlm
1398 4573 1476 4654 slp'lo
1488 4579 1642 4660 laudavit..

418 4661 558 4729 Paracata
573 4670 845 4753 dorcc'qucoratiaue,
857 4674 983 4753 Dauru'o,
994 4673 1116 4754 ejusque
1126 4677 1229 4754 uxori,
1242 4691 1277 4737 ac
1288 4675 1423 4737 canibus
1435 4681 1487 4753 qui
1496 4678 1539 4738 ud
1550 4674 1645 4752 funus
