3942 5592
398 491 435 552 m

356 606 452 662 autem
463 603 542 677 sarrit,
558 614 633 677 quere
650 602 839 658 crematoris
860 600 1019 672 eaeoqitut.
1036 598 1166 673 Suntque
1185 600 1219 656 in
1238 597 1353 676 triplici
1373 596 1486 658 ordine:
1500 595 1563 657 alia

356 699 482 761 reamque
495 686 564 741 suni
577 679 619 737 ad
628 677 730 754 fideus,
751 680 816 738 aliu
840 680 882 740 ud
906 679 1140 738 conciliationem
1153 681 1340 755 animorum,
1355 678 1420 738 otia
1433 679 1566 755 denique

357 763 400 822 ad
411 762 576 822 corumdem
590 763 816 819 commotionem.

400 840 502 902 trima
515 844 583 904 sunt
594 837 740 911 immitia,
751 842 851 901 media
860 840 1065 917 conciliantia,
1076 843 1229 917 postrema
1238 841 1457 901 commoventia.

713 1017 756 1065 DE
771 1018 976 1068 ARGUMENTIS
987 1015 1200 1067 DOCENTIBUS.

398 1156 580 1230 mesonma
593 1159 689 1213 autem
699 1154 740 1213 ad
745 1153 851 1229 iden,
860 1158 919 1215 siae
935 1151 1085 1227 docentia,
1097 1149 1294 1212 desumuntur
1307 1168 1347 1212 en
1371 1152 1444 1212 locis
1457 1149 1568 1214 dacem

357 1236 448 1312 tibus,
462 1238 557 1311 iisque
570 1233 616 1295 vel
629 1239 727 1310 certis,
737 1232 784 1292 vel
793 1232 1055 1293 ratiocinantibus.

398 1315 450 1379 Ea
463 1319 549 1374 certis
564 1313 719 1389 toeisfiuut
733 1313 1045 1385 demonstratiorus3ut
1056 1329 1097 1372 en
1107 1308 1212 1388 siquis,
1224 1317 1253 1372 ct
1268 1310 1568 1380 testamenmen-

355 1396 405 1475 pli
416 1398 526 1471 qratia:
532 1399 662 1472 peperit·
677 1398 770 1473 iqitur
780 1397 866 1471 uirqo
885 1398 1007 1453 nonest.
1021 1389 1195 1454 Sedenim
1206 1392 1335 1453 locorum
1347 1411 1451 1472 qenere
1464 1397 1566 1453 orator

356 1480 529 1555 arqumenta
542 1478 714 1545 nonsumit3
734 1479 807 1552 quia
825 1473 877 1534 ubi
896 1490 931 1533 ca
951 1473 1080 1533 obtinent
1094 1472 1224 1532 locorum
1239 1489 1346 1553 ponere
1360 1479 1462 1534 orator
1474 1489 1569 1551 arqui·

356 1559 454 1618 menta
467 1573 527 1615 non
536 1559 637 1624 suerit,-
649 1560 722 1631 quia
732 1555 785 1615 uli
796 1552 965 1614 sustitinent
976 1554 1083 1628 lomm,
1095 1551 1399 1625 ibinultaeuusacst3
1414 1570 1450 1612 ac
1458 1558 1568 1631 proin«

340 1648 341 1653 ’
360 1636 398 1697 de
412 1635 597 1776 mnaeffl
611 1639 737 1694 oratoru
753 1634 857 1713 partes
878 1637 912 1694 in
934 1632 1140 1711 defendentia,
1162 1632 1215 1693 scd
1235 1635 1345 1695 iudicis
1358 1634 1520 1695 dundaxat
1533 1637 1569 1696 in

356 1718 519 1778 condemna
561 1733 589 1775 o.

335 1811 338 1823 ·
399 1799 451 1859 Ea
463 1796 535 1855 loeis
546 1799 645 1855 autern
657 1795 905 1856 ratiocinantibus
920 1792 1116 1869 conficiuntur
1130 1793 1330 1854 conclusiones
1335 1794 1567 1872 protatrilcsmc

356 1875 548 1947 verisimilem
559 1874 741 1952 probabiles,
756 1881 892 1952 inquam,
906 1877 935 1935 si
948 1877 1084 1950 quaestio
1105 1879 1144 1935 sit
1154 1878 1340 1951 counitionis,
1355 1891 1419 1947 seu,
1431 1879 1465 1933 ut
1477 1876 1570 1954 oulqo

357 1956 474 2018 scliotue
488 1955 660 2033 loquuntur,
674 1956 912 2032 contemplativa,-
926 1953 1099 2015 verisimiles
1111 1955 1280 2030 autem,utii
1293 1958 1428 2030 quaestio
1439 1960 1567 2017 aetionis

303 2106 306 2113 ¹
358 2039 656 2114 causapropouatur,
671 2052 734 2111 seu,
748 2040 780 2096 ut
793 2038 872 2097 idem
886 2031 1057 2113 scholarum
1069 2034 1180 2112 vulqus
1191 2032 1335 2110 loquitur,
1350 2039 1450 2096 actim
1462 2039 1516 2096 sit.

399 2114 555 2179 Eiusmodi
569 2121 667 2175 autem
680 2114 749 2192 loci,
766 2120 826 2176 sisa
842 2113 1056 2194 probabilium,
1082 2119 1145 2175 siue
1159 2113 1365 2174 verisimilium
1379 2121 1568 2194 arqumento«

358 2215 434 2274 rum,
448 2197 506 2258 ulii
520 2200 589 2257 suat
604 2194 767 2257 dialecticis
781 2200 810 2256 et
826 2195 995 2256 oratoribus
1005 2208 1183 2270 communes,
1197 2194 1255 2254 atii
1272 2198 1436 2258 oraimum.

816 2370 860 2419 DE
872 2372 956 2421 Anne
969 2368 1098 2421 TOPIOE.

400 2525 496 2587 Locos
517 2525 709 2602 dialecticis,
730 2522 940 2585 iteratoribus
955 2537 1120 2585 communes
1140 2528 1345 2585 commonstrat
1368 2525 1477 2601 topica·
1491 2540 1570 2600 qaue

358 2605 485 2683 proinde
495 2604 636 2680 definitur
643 2622 693 2665 ars
700 2605 870 2665 inveniendi
876 2609 1051 2681 arqumcnta
1060 2610 1092 2664 in
1104 2610 1210 2680 quouis
1215 2608 1373 2682 proposita
1386 2609 1569 2679 qsmeslioue.

402 2686 478 2748 Eius
491 2690 608 2762 pencris
623 2684 682 2744 loci
694 2688 888 2746 nurnerantur
902 2683 1056 2760 Definitio,
1077 2684 1204 2762 Diuisio,
1228 2688 1363 2757 Notatio,
1381 2686 1571 2763 Coniuqatc,

364 2768 475 2841 Genus,
491 2768 621 2843 Species,
642 2765 757 2843 Totum,
772 2763 883 2828 Perias,
904 2765 1003 2825 Causa
1018 2757 1175 2842 (nimirum
1188 2763 1342 2843 efficiens),
1351 2766 1570 2845 Materia,For-

360 2999 378 3057 t‘
389 3010 446 3060 erte
461 3002 588 3058 Oretanis
602 2999 746 3058 rintrsccia
758 3015 773 3055 e
787 3005 874 3057 trove.
889 3001 911 3057 E
925 3017 993 3057 sono
1007 3001 1035 3059 di
1050 3006 1090 3056 tre
1104 2998 1201 3056 ordini.
1224 2995 1325 3057 Poiche
1340 3002 1400 3058 altri
1421 3001 1539 3059 tendens
1552 3019 1571 3059 e

361 3078 503 3150 ingenerat
517 3078 577 3134 tede
591 3115 599 3151 ,
617 3077 679 3133 altri
693 3090 709 3131 n
722 3075 857 3132 concilim
866 3076 902 3150 gii
917 3077 999 3132 enimi
1012 3117 1019 3147 ,
1041 3077 1102 3133 etlri
1117 3092 1132 3131 a
1146 3091 1341 3134 commeavere
1361 3081 1370 3133 i
1384 3078 1539 3137 medesirni.
1563 3080 1573 3133 Ι

361 3154 443 3225 ρήηιί
456 3169 523 3210 sono
535 3154 714 3226 insequenti,
730 3153 739 3206 i
753 3152 865 3209 secondi
878 3152 1063 3224 concilianti,
1078 3155 1087 3208 i
1101 3153 1378 3210 terzicommoventi.

754 3326 834 3367 DEGU
846 3328 996 3368 ARGOMEMI
1010 3328 1177 3369 insecuturi.

398 3454 491 3522 Questi
505 3453 653 3525 prendensi
668 3453 710 3510 dei
723 3453 817 3527 tuoghi
830 3457 1000 3525 insequenti
1013 3454 1063 3511 che
1078 3471 1145 3511 sona
1159 3459 1260 3512 ocerti
1274 3470 1289 3510 o
1302 3456 1516 3512 raniocinanti.
1572 3488 1576 3503 ·

401 3530 450 3587 De’
462 3529 562 3602 luoqlil
577 3533 649 3587 certi
664 3529 685 3584 si
700 3530 780 3585 tenne
795 3530 819 3585 te
832 3530 1042 3585 dimostrezioni.
1060 3531 1177 3588 Amodo
1191 3529 1354 3601 d’esempto:
1371 3530 1494 3602 ds’segni
1509 3547 1576 3602 pro·

364 3609 407 3679 pri
422 3606 464 3663 det
479 3613 560 3677 perta
575 3606 600 3662 te
614 3604 702 3661 comte
716 3607 829 3676 pertori3
846 3606 957 3676 dunque
971 3622 1025 3662 nan
1037 3603 1052 3661 ὸ
1066 3611 1186 3679 vergine.
1203 3607 1243 3663 its
1253 3606 1288 3662 ds
1299 3607 1462 3680 somigtienti
1475 3608 1571 3679 tuoghi

362 3683 498 3739 l'Orntore
513 3696 566 3737 non
581 3683 683 3754 siligne
697 3697 745 3737 sue
760 3696 854 3752 prove,
869 3680 970 3752 peschi
983 3681 1078 3739 or'ette
1092 3683 1113 3738 si
1128 3683 1225 3750 hanno,
1240 3699 1293 3738 nen
1308 3682 1350 3739 v‘e
1364 3683 1518 3753 piirCeuse.
1530 3680 1571 3738 Ne

364 3758 524 3815 etl’Orstore
538 3756 585 3828 piis
600 3757 727 3813 incumbe
742 3756 757 3811 it
773 3757 921 3825 discedere,
935 3758 1054 3814 sottente
1068 3759 1170 3813 rimene
1184 3757 1210 3813 el
1224 3758 1337 3815 Giudiee
1352 3758 1368 3813 it
1382 3759 1569 3814 condennnre.

400 3833 448 3891 Dn’
462 3832 563 3904 lnoqiu'
576 3835 780 3890 raniocinanti
794 3834 815 3888 si
829 3840 964 3905 tseggono
979 3834 1149 3890 conclusioni
1163 3834 1322 3904 probabilis
1336 3833 1482 3889 verisimili.
1500 3835 1575 3889 Pro·

363 3908 477 3980 batilli,
494 3908 561 3965 dissi
574 3947 582 3977 ,
597 3908 704 3979 quando
725 3907 751 3963 le
765 3909 900 3978 quistione
914 3909 930 3965 e
950 3909 978 3966 di
993 3911 1162 3982 cognizione,
1173 3925 1194 3969 o
1207 3907 1436 3981 contemplation
1456 3924 1536 3964 come
1549 3908 1577 3965 tn

364 3986 508 4041 chinmeno
521 3984 707 4057 rotgermente
720 3982 746 4038 le
768 3984 875 4040 scuole.
900 3985 1064 4040 Verisimiti
1079 3984 1187 4056 quando
1206 3984 1231 4041 ts
1249 3985 1381 4057 quistione
1402 3985 1533 4055 propensi
1547 3984 1577 4040 in

365 4060 439 4117 virtu
454 4060 635 4128 desierisne,
652 4058 722 4126 eise,
739 4075 818 4114 come
834 4059 858 4115 te
873 4060 968 4116 semote
983 4061 1081 4117 istesso
1095 4062 1204 4126 dinone,
1219 4061 1328 4132 quande
1341 4059 1356 4116 e
1368 4063 1476 4117 nitiva.

400 4138 431 4192 ni
445 4137 519 4192 cetui
532 4136 628 4208 tuoghi
646 4176 654 4205 ,
670 4135 708 4190 sie
722 4135 747 4191 (ti
760 4134 925 4207 probabili,
943 4137 983 4193 sie
997 4136 1024 4193 di
1038 4137 1195 4193 verisimili
1208 4138 1369 4209 ingementi,
1385 4137 1447 4192 ellri
1462 4152 1512 4193 son
1526 4151 1575 4193 co·

363 4214 439 4268 muni
462 4211 485 4267 ε’
496 4212 630 4267 Dietettici
644 4226 658 4265 e
673 4210 727 4282 egli
741 4211 862 4280 Oratori,
878 4211 940 4268 ettri
953 4215 1047 4285 propri
1063 4212 1091 4268 di
1104 4213 1204 4284 questi.

838 4385 983 4448 nene'rnrr
996 4407 1099 4450 rorice.

401 4532 411 4587 t
425 4531 520 4606 luoghi
535 4534 649 4588 comuni
664 4533 719 4606 egli
733 4535 856 4604 Oratori,
872 4550 887 4590 e
901 4535 925 4592 e'
938 4536 1070 4593 Dietettici
1086 4541 1189 4592 mostra
1202 4528 1229 4590 le
1245 4535 1372 4607 Topica,
1389 4529 1441 4586 che
1455 4530 1522 4601 pers
1534 4529 1576 4585 di·

366 4608 494 4676 tiniscesi,
511 4608 528 4664 1⁷
540 4615 599 4665 erte
613 4608 639 4664 di
654 4617 764 4667 trevere
779 4613 816 4683 gli
832 4614 985 4683 argumenti
1000 4629 1049 4683 per
1062 4612 1220 4683 quetunque
1234 4616 1362 4680 preneste
1376 4607 1522 4677 quistione.

403 4684 463 4739 Trs‘
476 4684 570 4754 tuoghi
585 4684 611 4741 di
626 4686 662 4743 tel
676 4702 775 4759 genere
790 4688 812 4742 s’
823 4702 996 4743 annovereno
1010 4689 1036 4744 la
1051 4688 1208 4745 definiziane
1222 4727 1229 4755 ,
1245 4686 1271 4741 le
1285 4684 1434 4753 divisione,
1458 4682 1484 4738 ta
1498 4690 1577 4740 noua

365 4759 455 4832 sione,
469 4759 476 4812 i
491 4761 644 4834 congiunti,
659 4763 676 4818 it
693 4777 804 4835 genere,
821 4762 847 4818 te
861 4766 964 4833 specie,
979 4764 995 4819 it
1011 4770 1104 4835 tutto,
1121 4763 1145 4820 te
1160 4764 1241 4835 perti,
1256 4762 1279 4819 te
1294 4760 1398 4831 causet
1412 4758 1456 4815 cil
1470 4758 1578 4816 sonata
