3942 5592
1459 504 1499 565 ns

378 610 457 673 Hinc
470 613 547 672 dem
562 609 748 689 Perearinius
762 629 895 690 acumen,
909 631 961 674 seu
974 615 1089 690 inqcnii
1099 616 1158 671 uim
1171 609 1293 687 defini,
1305 609 1428 686 felicem
1441 618 1533 676 iaedi

335 695 552 771 inventionem,
567 694 647 769 quod
658 698 691 753 in
702 695 781 755 dieto
795 683 900 770 ulique
912 695 1047 754 diversas
1062 709 1108 752 res
1127 696 1205 752 mira
1224 693 1409 769 aptitudine,
1431 699 1459 754 el
1476 712 1534 772 per

336 787 479 831 summam
491 773 665 847 clenentiam
679 773 799 849 collinet
806 796 819 845 ,-
833 781 921 851 alque
936 774 994 834 ltoc
1000 775 1092 849 poeto
1103 787 1225 831 ocumm
1238 775 1387 831 constituit
1401 776 1434 832 in
1447 793 1533 854 rara,

334 857 364 912 et
376 867 452 912 nona
466 855 631 928 aptitudine
644 855 769 914 duorum
780 857 978 914 extremorum
992 859 1026 912 in
1045 851 1150 927 olr'quo
1170 853 1249 912 dicto
1261 849 1392 928 feliciter
1407 854 1533 931 colliqe-

335 936 442 992 tornm.
458 932 531 994 Erus
545 938 643 993 auten
652 937 779 996 c'noenic'o
793 935 957 996 Aristotelis
970 934 1085 993 iudicio
1096 935 1252 1008 inpectica
1262 930 1419 991 admodum
1429 933 1532 1011 diffici-

311 1078 315 1083 .
335 1010 374 1073 lis
387 1015 441 1088 esi,
454 1012 505 1072 ndi
516 1017 550 1074 in
563 1017 734 1090 argumento
747 1015 985 1091 metaphorarum
995 1015 1105 1088 iniquit.-
1123 1014 1259 1073 dccenter
1271 1015 1318 1070 uti
1329 1013 1534 1075 translationi·

334 1089 389 1151 biis
401 1097 530 1152 manime
543 1096 585 1153 est
598 1093 737 1170 arduum,
750 1111 820 1154 nam
834 1112 894 1155 non
906 1099 969 1156 nisi
979 1092 1131 1155 natatilis
1144 1095 1257 1168 inperiti
1269 1093 1325 1161 esl,·
1339 1095 1367 1149 ct
1377 1096 1411 1151 nt
1420 1099 1453 1154 in
1465 1093 1534 1156 rde-

333 1175 436 1233 torieis
448 1171 543 1250 laid,
559 1172 617 1232 soli
625 1171 798 1251 plcilosoplri
807 1174 939 1255 solertes,
953 1177 1090 1248 acutique
1092 1179 1248 1249 proestare
1257 1175 1392 1249 possum,
1404 1176 1437 1236 in
1446 1176 1530 1239 rebus

335 1251 515 1314 distantibus
528 1255 604 1330 quid
616 1255 711 1315 simile
723 1255 927 1332 contemplari.

376 1331 421 1391 Ad
435 1328 492 1391 leae
504 1337 618 1411 inpendi
629 1340 661 1395 oi
672 1340 700 1395 ct
713 1341 859 1414 acumine,
873 1337 955 1396 ααάα
968 1335 1140 1410 noscuntur,
1155 1336 1316 1395 sentertiae
1330 1337 1436 1394 acutae
1448 1333 1532 1396 italis

333 1415 474 1472 vocantur
485 1409 615 1491 pensiori
628 1412 799 1494 ingegnosi,
814 1420 842 1477 et
856 1414 974 1478 vivezzc
991 1412 1176 1492 d’ingegno:
1189 1428 1264 1478 Vnam
1277 1417 1333 1473 elsi
1352 1416 1532 1491 quandoque

334 1495 457 1552 moro-a
475 1492 596 1571 aliquid
615 1493 758 1572 conserat,
771 1501 804 1556 nt
818 1501 908 1558 acuta
921 1497 1073 1569 dieamus,
1088 1497 1259 1556 nontamen
1271 1496 1357 1554 acute
1370 1491 1497 1559 dicimus
1511 1513 1532 1556 a

332 1576 469 1647 maleum
484 1577 515 1632 ut
527 1578 561 1634 in
574 1574 628 1634 illo
640 1580 690 1652 cpi
709 1581 859 1637 rammate:

413 1648 470 1720 Oui
483 1651 627 1734 laqueum
641 1596 718 1718 codo
732 1655 886 1732 nectebat,
900 1654 1034 1735 repperit
1047 1669 1173 1731 nurum,

414 1728 627 1813 Thesaurique
643 1733 706 1798 loeo
721 1733 858 1816 deposuit
872 1734 1031 1817 loqueum.

412 1811 514 1892 Atqui
527 1811 715 1891 condiderat,
731 1822 892 1895 postquem
908 1834 969 1878 non
984 1815 1119 1896 repperit
1136 1831 1263 1890 eurum,

412 1890 530 1968 Apmvit
542 1891 629 1970 collo;
644 1912 736 1974 quern
748 1898 859 1974 reperit
875 1897 1034 1977 laqueum.

378 1969 460 2032 Unde
468 1977 575 2050 poetae
590 1975 660 2036 itali
670 1981 815 2054 sequioris
829 1983 895 2040 aeui
908 1981 1084 2055 nequeunte
1096 1977 1154 2039 ridi
1162 1977 1369 2054 proponebant
1381 1983 1464 2040 mira
1476 2021 1485 2056 ‚
1498 1987 1533 2043 ut

331 2052 393 2128 ipsi
405 2055 478 2128 qnid
491 2052 528 2114 de
541 2058 579 2114 iis
593 2060 742 2131 ingeniose
756 2057 853 2117 dicere
865 2059 1036 2128 nidronien-
1050 2059 1104 2119 sed
1113 2057 1192 2118 nileil
1201 2063 1310 2131 manin
1322 2074 1530 2121 namacumcm

329 2148 389 2191 non
402 2137 587 2196 constituitur
599 2154 619 2196 a
632 2141 766 2211 materia,
781 2141 809 2197 el
819 2137 925 2198 obiecti
937 2141 1078 2213 novitate,
1093 2138 1147 2198 sed
1159 2137 1196 2198 od
1210 2137 1346 2212 artifieio.
1361 2138 1530 2217 Artificium

329 2215 428 2271 autem
439 2219 492 2291 cst,
506 2220 538 2275 ut
552 2214 631 2276 idem
647 2219 834 2295 Pereprinias
848 2222 910 2295 eit,
925 2236 984 2278 non
996 2219 1080 2295 qnod
1096 2223 1209 2278 incenit
1218 2217 1365 2294 pulchro,
1380 2222 1435 2282 scd
1446 2224 1529 2299 quod

328 2288 423 2369 efficit.
441 2293 617 2367 Quinimo
628 2296 763 2374 Scalipcr
775 2302 807 2356 in
819 2302 936 2373 poetica
947 2297 1141 2375 libroquarto
1151 2300 1313 2359 acumenid
1321 2297 1437 2375 definit,
1448 2303 1531 2377 qood
1597 2306 1600 2313 “

330 2375 498 2434 renmrdiam
510 2392 565 2452 per
577 2395 607 2437 se
621 2377 794 2454 laneflddam
806 2382 962 2454 penetrare
974 2376 1071 2454 sociat
1085 2382 1118 2439 in
1140 2383 1256 2441 animm
1272 2377 1453 2440 auditorum.
1469 2380 1530 2442 lto·

329 2469 386 2528 pue
399 2458 550 2531 inpeniosc
562 2462 714 2536 seminia,
729 2461 763 2518 ul
776 2460 887 2518 Benius
901 2463 933 2519 in
941 2462 1056 2536 poetica
1066 2459 1216 2534 describit,
1226 2462 1269 2519 esl
1278 2461 1314 2518 in
1323 2474 1385 2536 qua
1393 2477 1454 2520 non
1462 2461 1527 2522 orel·

366 2645 417 2703 Per
429 2654 527 2719 questo
539 2648 558 2705 il
571 2650 717 2708 medesimo
731 2650 872 2724 Peitegrini
885 2649 1013 2708 delinisse
1028 2651 1044 2707 Ρ
1054 2666 1165 2719 nerine,
1176 2668 1193 2706 o
1203 2651 1228 2708 ln
1237 2649 1314 2707 iorze
1323 2649 1386 2709 deli
1396 2651 1441 2725 ing
1447 2604 1533 2727 egnoz'

329 2734 384 2776 una
397 2721 474 2780 lelioe
487 2725 641 2782 invencione
656 2725 697 2781 del
710 2742 801 2783 mezzo
816 2767 825 2797 ,
839 2727 892 2783 che
905 2728 934 2784 in
947 2727 1032 2783 alcun
1052 2726 1125 2784 detto
1138 2729 1246 2785 diverse
1263 2741 1329 2782 cose
1351 2728 1457 2802 college
1474 2744 1528 2786 con

326 2797 444 2854 mirabile
458 2801 667 2871 oggiuetatezm,
682 2816 697 2856 e
711 2818 815 2859 somme
826 2802 961 2874 elegeam.
983 2804 1006 2858 E
1019 2804 1047 2857 in
1060 2811 1157 2874 questo
1176 2803 1299 2859 meniern
1320 2805 1455 2861 stabilisse
1475 2804 1532 2862 .Ιά-

326 2885 407 2928 cume
418 2874 459 2930 net
470 2891 533 2931 roro
543 2892 558 2932 e
569 2891 658 2932 nnom
666 2875 844 2933 ndntmmento
855 2877 881 2933 di
892 2877 945 2933 due
955 2878 1066 2934 estremi
1080 2878 1248 2936 retinemento
1260 2876 1343 2948 legati
1353 2881 1382 2935 in
1395 2895 1432 2936 un
1444 2876 1530 2937 detto.

326 2947 390 3005 Tele
403 2951 556 3008 invencione
566 2948 665 3010 dessni
678 2951 811 3008 difficilee
824 2953 903 3021 torte,
914 2953 1022 3023 giudice
1037 2952 1173 3011 Aristotiie
1183 2951 1255 3008 nelle
1268 2954 1391 3024 Poctiea,
1409 2969 1460 3010 ove
1474 2954 1530 3012 nel·

326 3018 344 3075 Ρ
354 3032 511 3095 argomento
525 3026 594 3084 delle
607 3025 733 3082 mctoiorc
748 3027 818 3083 dice:
837 3049 848 3077 n
865 3026 986 3083 Arduos
1007 3036 1203 3085 sommnniente
1223 3040 1288 3082 usar
1308 3043 1387 3085 come
1399 3030 1532 3087 convinne

325 3095 396 3156 delle
410 3101 570 3172 traslazione
583 3101 617 3160 ne
631 3104 715 3158 riesce
729 3103 780 3159 che
799 3102 833 3159 nd
846 3102 954 3175 ingegni
974 3104 1094 3159 versatili
1111 3126 1136 3159 i.
1152 3107 1174 3161 Ε
1187 3103 1257 3161 nella
1277 3105 1410 3160 rettorice
1436 3106 1533 3162 scrire:

330 3193 342 3223 o
359 3174 415 3233 Soli
429 3177 541 3234 ifiiosofi
555 3179 643 3251 engici
658 3195 673 3234 e
687 3193 718 3233 ac
742 3179 762 3234 ti
782 3180 899 3254 giugner
913 3194 1032 3251 posenno
1045 3193 1062 3233 o
1075 3179 1173 3237 vedere
1192 3180 1222 3236 in
1236 3192 1301 3235 cose
1320 3178 1428 3237 lontene
1451 3195 1470 3240 e
1488 3181 1538 3238 dit·

327 3245 421 3308 terenti
444 3253 486 3310 cio
501 3254 552 3310 eho
566 3255 643 3310 harri
656 3253 681 3310 di
696 3195 782 3310 sidric
794 3276 819 3309 o.
1141 3309 1146 3319 ,

368 3329 407 3384 De
419 3337 514 3400 queste
523 3330 595 3386 torm
607 3346 622 3385 e
635 3336 761 3387 neutezm
780 3329 806 3386 d’
817 3330 932 3403 ingegno
952 3327 1088 3385 nascendo
1098 3328 1124 3386 ie
1137 3334 1260 3385 sentence
1274 3341 1366 3403 ocule,
1381 3329 1418 3403 gli
1432 3331 1530 3391 imlieni

328 3403 416 3462 denno
430 3404 488 3461 loro
502 3405 519 3460 il
532 3422 610 3463 nome
624 3405 650 3463 di
659 3408 789 3480 pensiori
802 3408 960 3478 ingeniosi,
976 3421 992 3460 e
1006 3406 1120 3461 oieezze
1133 3403 1301 3478 d‘inpepno.
1321 3405 1419 3466 Poiche
1433 3409 1530 3466 sebbe-

330 3495 365 3536 ne
378 3480 529 3536 conterisco
542 3481 566 3537 ln
579 3483 694 3538 materie
706 3480 817 3538 talvolta
830 3497 846 3537 e
858 3482 915 3538 dire
929 3477 1122 3550 ncirtnmente,
1144 3496 1198 3537 noo
1211 3483 1277 3553 peri
1296 3484 1414 3542 dioienm
1427 3491 1523 3542 ceute·

329 3561 418 3614 mente
430 3555 456 3612 in
467 3557 540 3614 virtit
553 3557 579 3615 di
592 3573 653 3615 ceso
665 3558 787 3615 materie.
801 3558 884 3615 Come
897 3560 924 3614 in
937 3556 1220 3631 quell'Epigrernmo:

645 3711 741 3765 Menoe
753 3713 799 3765 che
816 3713 833 3765 il
844 3712 920 3766 laceio
930 3710 953 3763 el
964 3711 1028 3764 collo
1036 3711 1057 3763 si
1068 3709 1192 3777 stringere

673 3780 720 3833 Un
734 3782 839 3847 miserel,
851 3782 919 3834 novt
931 3781 996 3834 ricco
1006 3789 1090 3833 tesortu

669 3850 740 3903 Retio
749 3851 770 3905 si
782 3869 847 3918 prese
859 3849 932 3914 Poro,

671 3917 692 3969 E
704 3919 723 3970 il
734 3919 808 3973 laceio
818 3919 842 3970 vi
851 3918 933 3971 lescid.

637 3983 714 4040 Viene
724 3987 740 4039 l’
751 4006 822 4042 avaro
832 3987 876 4039 che
887 3985 982 4056 deposto
994 4003 1066 4039 avere

670 4054 742 4119 Quiri
755 4058 771 4110 il
781 4077 827 4110 sno
837 4057 911 4120 hene3
922 4052 989 4107 enol
1002 4055 1130 4121 iterando,
1144 4073 1210 4125 prese

666 4124 703 4175 Ed
713 4145 727 4177 a
737 4126 860 4180 strozmrsi
868 4141 951 4194 eppese

665 4190 767 4249 llleceio
775 4197 819 4248 che
831 4197 909 4249 lrovi').

365 4309 460 4381 lpoeti
472 4313 568 4371 itelicni
581 4310 624 4368 del
638 4315 752 4388 peggior
775 4323 866 4387 tempo
890 4316 912 4371 si
932 4328 1125 4386 proponeveno
1145 4315 1296 4387 argomenti
1315 4316 1496 4389 morevigliosi
1516 4331 1532 4374 e

326 4387 410 4442 stram
425 4402 472 4456 per
484 4387 634 4460 comperire
649 4392 786 4464 ingegnosi
801 4434 808 4464 ,
825 4389 991 4450 trnttnndoli.
1008 4393 1049 4448 iic
1065 4390 1186 4446 inderno.
1202 4389 1257 4447 Che
1274 4390 1291 4447 l'
1301 4406 1401 4455 nonme
1415 4409 1469 4450 non
1480 4393 1532 4449 isti

325 4460 396 4519 nella
409 4466 519 4523 materie
532 4483 547 4524 e
561 4461 631 4522 nelle
644 4471 734 4524 noviti
746 4469 808 4525 dell*
820 4475 940 4541 oggeio,
956 4482 1001 4521 nm
1015 4465 1079 4522 nell’
1090 4466 1214 4522 nrtifizio.
1231 4468 1252 4522 E
1266 4468 1376 4524 erdfizio
1390 4467 1426 4538 d,
1448 4484 1534 4526 come

326 4536 344 4593 il
360 4535 508 4597 medesirno
521 4541 669 4615 pellegrini
683 4544 806 4615 afferma,
821 4561 874 4599 non
887 4550 981 4601 trever
996 4542 1098 4599 iocose
1113 4541 1164 4598 che
1177 4543 1235 4599 sien
1249 4541 1327 4614 belle,
1343 4559 1387 4599 mn
1402 4543 1532 4602 renderle

329 4612 384 4671 tali.
401 4614 423 4668 E
437 4615 573 4691 scaligero
587 4618 645 4674 unzi
657 4619 728 4678 nelle
742 4621 846 4691 poetice
857 4618 902 4675 lib.
918 4623 945 4675 i.
963 4618 980 4676 l’
991 4631 1089 4675 ncume
1100 4617 1228 4675 delinisce
1239 4619 1273 4675 de
1286 4626 1396 4688 detesto,
1408 4620 1460 4676 che
1476 4636 1531 4676 nnn

329 4695 454 4750 sentenm
474 4709 523 4766 per
543 4711 571 4752 se
591 4701 679 4754 stesso
698 4697 827 4769 languide
847 4695 873 4751 ln
893 4701 1034 4766 penetrare
1053 4692 1123 4766 negli
1137 4695 1217 4751 enimi
1238 4695 1308 4767 degli
1329 4695 1437 4752 trifitori.
1459 4695 1534 4752 Ondc

332 4765 424 4837 quello
439 4767 453 4828 i
470 4771 617 4843 ingegnosc
631 4781 757 4834 sentenm
773 4772 818 4846 tol
832 4771 889 4831 dire
903 4770 945 4832 del
959 4769 1107 4829 Boninelle
1121 4770 1248 4841 Poeticn)
1267 4772 1296 4828 in
1311 4771 1355 4827 cui
1369 4788 1422 4828 non
1438 4772 1464 4827 in
1480 4771 1535 4828 vol·
