3942 5592
989 542 992 548 ·
1494 500 1553 564 tlt?

373 611 505 689 denium
528 608 565 672 iis
578 605 724 686 querendi
749 608 884 682 potestas
899 592 997 680 tieret,
1010 604 1067 664 noc
1084 602 1243 680 templum,
1261 605 1318 666 hoc
1332 584 1455 683 tectum,
1472 607 1526 668 bos
1540 625 1593 687 pa·

377 712 484 790 rietes,
499 709 558 770 bos
574 705 707 785 singulos
721 704 865 764 audiretis
885 718 990 764 corum
1004 700 1134 777 querelis
1148 703 1279 779 undiquc
1293 709 1480 767 resonantes.
1496 705 1588 781 Eone,

373 807 516 880 Fortuna,
529 802 609 862 iliam
625 804 672 860 tot
685 798 802 859 eximiis
816 793 979 873 commodis
991 810 1133 873 prospera
1147 797 1273 871 ornasti,
1291 800 1325 857 ut
1336 798 1438 859 iisdem
1452 802 1513 861 tam
1528 799 1589 861 cito

374 903 514 964 orbatam
529 896 676 961 acerbiori
692 897 774 955 luctu
787 885 1043 971 deploraremus?
1063 892 1153 967 Eone,
1172 893 1297 967 Natura,
1315 894 1393 955 iliam
1407 898 1454 957 tol
1464 896 1593 976 egregiis

374 997 567 1061 ornamentis
590 993 718 1072 benigna
733 991 857 1068 auxisti,
874 995 907 1050 ut
927 989 961 1050 iis
977 989 1197 1066 praematurius
1216 992 1359 1052 nudatam
1373 990 1590 1056 funestioribus

372 1093 450 1156 rotis
463 1081 748 1170 prosequeremur?
761 1084 841 1144 Eone
865 1084 942 1160 iliam
956 1085 1002 1142 lot
1016 1081 1179 1160 praeclaris
1193 1083 1291 1158 bonis,
1308 1084 1413 1145 Virtus
1428 1086 1593 1163 pulcherri-

373 1204 432 1265 ma,
448 1185 624 1250 cumulasti,
638 1186 683 1255 ut,
696 1199 765 1244 cum
779 1182 807 1242 in
822 1180 902 1241 iltius
917 1180 978 1240 nita
991 1183 1019 1240 le
1031 1178 1118 1240 nobis
1132 1184 1224 1241 totam
1234 1181 1422 1258 ostenderes,
1437 1200 1589 1262 nosquam

374 1283 598 1348 moestissimos
618 1296 710 1361 porro
723 1272 938 1356 relinqueres?
951 1275 976 1336 0
988 1275 1147 1338 catharina
1166 1278 1323 1357 diagonia,
1339 1279 1443 1341 unicus
1458 1286 1593 1344 nostrum

376 1383 513 1446 omnium
527 1381 625 1453 dolor,
644 1393 734 1455 quam
749 1393 843 1455 nuper
858 1377 964 1436 decora
979 1378 1012 1435 et
1022 1378 1128 1434 ornata
1143 1379 1209 1435 erat
1222 1379 1305 1436 actas
1319 1379 1434 1449 nostra,
1449 1381 1480 1439 tc
1494 1381 1590 1458 sospi-

374 1482 427 1541 tet
447 1493 529 1540 nunc
554 1476 617 1538 sine
633 1478 663 1536 te
685 1490 774 1552 quam
795 1472 929 1551 squalida
950 1488 985 1532 ac
999 1469 1150 1532 demissat
1165 1488 1254 1549 quam
1279 1490 1374 1551 nuper
1399 1491 1505 1535 secura
1521 1481 1589 1537 erat

375 1572 527 1652 cujusque
542 1572 674 1648 egestas,
698 1567 778 1644 quod
792 1582 862 1628 suas
875 1564 1029 1642 angustias
1040 1568 1195 1627 maneret.
1213 1568 1241 1624 te
1257 1581 1345 1643 opem
1360 1565 1491 1645 ferente,
1510 1570 1590 1632 lena·
1705 1627 1708 1632 .

376 1667 467 1728 ment
484 1659 550 1724 sine
571 1666 603 1723 te
618 1662 647 1739 in
667 1663 778 1738 quanta
799 1677 875 1720 nunc
890 1660 1030 1717 versatur
1044 1656 1244 1719 sollicitudine
1257 1657 1266 1716 t
1281 1675 1370 1735 quam
1397 1677 1493 1740 nuper
1506 1668 1590 1724 certa

376 1764 442 1823 erat
452 1756 603 1838 cujusque
616 1755 746 1827 bonitas,
760 1751 840 1829 quod
855 1767 908 1812 sua
922 1750 1088 1830 promerita
1105 1749 1282 1827 praemium,
1301 1755 1328 1811 te
1343 1756 1476 1831 patrona,
1494 1771 1594 1816 mane-

375 1855 445 1920 ret!
459 1857 527 1916 sine
551 1857 582 1914 lc
598 1858 708 1930 quanta
725 1867 801 1914 nuuc
815 1866 886 1910 cura
906 1850 1054 1909 uexatur!
1071 1850 1108 1906 nt
1134 1847 1183 1908 ille
1205 1864 1309 1927 angor,
1326 1848 1375 1911 illc
1390 1867 1518 1917 moeror.
1543 1851 1591 1913 illa

374 1949 549 2030 aegritudo,
562 1962 651 2023 quam
663 1945 794 2005 sustinet
805 1941 958 2020 piissimus
969 1941 1074 2014 Filius,
1090 1940 1171 2016 quod
1186 1941 1238 2002 libi
1256 1959 1313 2002 non
1326 1944 1461 2021 potuerit
1477 1949 1596 2022 postre-

373 2059 456 2104 mum
472 2039 668 2112 valedicere,
684 2054 742 2097 non
757 2036 892 2115 potnerit
912 2035 1018 2096 oculos
1033 2050 1180 2111 premere,
1196 2050 1252 2095 non
1269 2038 1402 2113 potuerit
1417 2038 1507 2099 iunus
1523 2056 1592 2118 pro-

373 2143 498 2211 ducere,
516 2153 582 2210 nos,
597 2154 651 2199 nos
665 2137 755 2197 habet
768 2139 919 2196 auctores.
938 2133 997 2193 Nos
1011 2133 1075 2199 tibi,
1096 2130 1241 2211 Princeps
1255 2136 1379 2212 optime,
1396 2154 1450 2197 nos
1466 2137 1518 2198 tint
1533 2134 1591 2220 (ra.

376 2237 479 2296 lemur
500 2227 602 2314 enim)
620 2231 832 2308 impedimento
855 2227 978 2296 luimus,
995 2242 1031 2285 ne
1047 2226 1120 2285 haec
1134 2224 1227 2286 officia
1249 2227 1374 2303 pietatis
1396 2247 1539 2307 praesens
1556 2233 1597 2293 illi

376 2331 575 2408 persolveres.
590 2329 697 2388 Nostra
712 2327 834 2387 felicitas
849 2330 929 2386 tuam
944 2323 1032 2385 auxit
1046 2322 1073 2383 in
1088 2338 1160 2384 casu
1172 2327 1232 2383 tam
1244 2324 1370 2386 aduerso
1383 2327 1597 2394 calamitatem.
1720 2331 1722 2339 ’

377 2422 468 2483 Nobis
494 2422 635 2499 igitur,o
658 2420 851 2482 acerbissima
867 2433 958 2487 mors,
981 2416 1066 2477 nobis
1081 2419 1208 2476 estcum
1224 2418 1326 2493 primis
1351 2419 1388 2480 de
1409 2422 1462 2481 tua
1480 2438 1596 2485 summa
1625 2470 1630 2476 x

378 2515 544 2578 acerbitate
557 2518 658 2575 tecum
668 2509 931 2590 expostulandum.
948 2510 1028 2571 ltane
1041 2509 1149 2570 Natum
1163 2510 1402 2571 amabilissimum
1414 2511 1531 2574 Parenti
1547 2532 1597 2575 re-

380 2612 503 2688 stituis,
520 2615 598 2674 itane
622 2611 781 2678 Parentcm
800 2609 1033 2670 amantissimam
1049 2605 1155 2668 Nato?
1175 2608 1251 2681 Quid
1267 2609 1304 2669 de
1319 2610 1367 2669 illa
1381 2612 1451 2673 buic
1473 2611 1600 2676 reters?

386 2709 476 2784 oben,
488 2710 617 2790 gelidam
632 2707 762 2769 cinerem
775 2705 785 2764 t
799 2704 875 2779 Quid
889 2706 927 2766 de
944 2707 1002 2767 hoc
1017 2701 1083 2766 illi?
1097 2703 1165 2765 Aio
1177 2709 1297 2765 nostrae
1312 2705 1432 2769 nimium
1449 2708 1531 2770 humi
1546 2709 1599 2771 de·
1670 2741 1672 2744 ·

330 2788 335 2799 ’
386 2805 459 2867 lixae
479 2807 611 2878 mentes,
627 2818 703 2880 quae
718 2801 856 2862 sensibus
871 2817 928 2861 noo
943 2800 1031 2861 modo
1052 2816 1224 2877 oppressae,
1237 2798 1288 2860 sed
1304 2816 1396 2878 paene
1419 2801 1547 2864 obrutae
1556 2803 1596 2864 ad

385 2900 491 2959 caelum
507 2895 769 2975 contemplandum
784 2895 919 2955 reuocari
935 2893 984 2954 nis
999 2895 1145 2971 possuntt
1162 2891 1223 2951 Qsi
1238 2909 1346 2968 supera
1357 2900 1388 2954 et
1401 2895 1544 2960 caelestia
1556 2897 1597 2958 ita

388 2996 488 3054 mentis
499 2994 574 3071 acie,
587 2998 622 3053 ut
635 2995 690 3053 bac
701 2994 859 3053 oculorum
874 2990 1105 3070 suspiceremus,
1120 2990 1228 3068 ipsam,
1240 2992 1287 3051 cui
1304 3009 1380 3051 nunc
1391 2991 1524 3054 dolemus
1537 2997 1597 3057 tam

390 3086 499 3165 acerbe,
515 3101 603 3161 quam
620 3101 696 3144 nunc
710 3085 850 3163 lugemus
867 3087 928 3144 tam
945 3084 1067 3157 misere,
1085 3082 1191 3159 ipsam,
1211 3084 1342 3158 inquam,
1357 3084 1548 3145 Catharinam
1560 3087 1601 3142 A·

394 3183 545 3261 lamoniam,
570 3183 666 3254 nobis,
683 3198 739 3241 non
764 3184 842 3242 bunc
856 3180 1083 3242 acerbissimum
1097 3179 1230 3239 dotorem
1252 3180 1427 3257 abstergere
1449 3198 1485 3242 ac
1507 3181 1599 3243 lenire

330 3256 333 3351 ξ
396 3284 512 3354 tantum,
524 3279 678 3338 sedetiam
695 3279 722 3339 in
734 3284 879 3360 majorem
891 3276 978 3337 animi
991 3276 1217 3356 iucunditatem,
1231 3291 1333 3353 quarn,
1346 3294 1422 3352 quae
1434 3279 1500 3356 ejus
1511 3279 1598 3343 obitu

330 3362 335 3429 ἕ
395 3371 473 3431 nonls·
481 3371 620 3449 adempta
635 3372 694 3447 est,
713 3372 767 3431 hac
782 3370 917 3429 oratione
932 3372 1117 3429 commutare
1132 3368 1324 3429 audiremus:
1341 3370 1430 3446 Quid,
1446 3372 1500 3433 riri
1524 3372 1597 3451 piis·

396 3458 464 3541 siuri',
491 3469 519 3529 io
534 3484 601 3529 uteo
624 3467 728 3530 funere
740 3467 876 3546 lugetis?
889 3467 965 3540 Quid
990 3466 1043 3526 uiri
1059 3466 1195 3545 piissimi,
1212 3461 1411 3545 lacrymulis?
1432 3469 1521 3530 Dolor
1537 3470 1595 3532 ists

398 3579 443 3623 nou
456 3564 574 3641 quidem
586 3568 667 3625 certe
678 3563 812 3628 restrum
824 3581 944 3640 caussa,
957 3565 1120 3641 insurgit,
1136 3563 1215 3639 quod
1231 3565 1326 3625 solum
1340 3566 1485 3643 pessimos
1496 3566 1596 3642 jurat,

399 3656 440 3734 qui
450 3664 560 3722 motum
576 3678 610 3723 se
624 3660 704 3740 ipsos
719 3667 839 3737 amant,
864 3662 917 3722 sed
932 3662 1014 3739 angit
1029 3677 1083 3720 uos
1105 3677 1210 3721 caussa
1225 3678 1301 3736 mea,
1318 3662 1399 3737 quod
1411 3662 1497 3724 decet
1518 3665 1597 3741 opti·

401 3771 464 3820 mos.
477 3754 507 3818 Si
523 3759 623 3836 itaque
637 3777 685 3820 me
699 3762 849 3821 Fortunae
868 3760 953 3819 bonis
968 3760 1106 3819 orbatam
1119 3759 1240 3836 lugetis,
1254 3761 1400 3837 suspicite
1416 3763 1489 3823 baec
1506 3778 1599 3824 aurea

330 3852 334 3883 ³
400 3851 477 3924 tcta,
490 3852 567 3911 banc
586 3855 737 3912 aeternam
758 3852 831 3913 caeti
848 3851 1051 3926 serenitatem,
1069 3853 1149 3911 bunc
1171 3851 1352 3912 inaccessum
1377 3853 1601 3931 apicem'supra

398 3944 495 4008 imbres
516 3948 703 4034 nimbosque,
721 3966 812 4027 supra
828 3950 972 4026 procellas
994 3967 1028 4010 ac
1046 3948 1194 4023 turbines,
1213 3966 1303 4027 supra
1322 3953 1516 4028 tempestates
1537 3967 1617 4011 omn

398 4059 527 4122 resonae
542 4046 570 4105 in
585 4064 638 4108 nos
652 4048 761 4125 passim
775 4048 1026 4125 lnrnntgpostnnn
1039 4051 1071 4107 et
1082 4049 1264 4121 locatum3et
1275 4064 1363 4124 quam
1374 4047 1454 4108 tirma
1469 4053 1500 4109 et
1511 4065 1602 4125 quam

397 4149 498 4197 sumnia
510 4137 571 4197 sint
586 4138 787 4215 bona,qnibus
804 4140 831 4199 in
847 4140 907 4210 lico
922 4140 1041 4216 Optimo
1057 4139 1185 4204 Maximo
1201 4139 1295 4214 fruar,
1312 4141 1497 4218 perpendite.
1508 4141 1538 4203 Si
1554 4159 1603 4203 mo

396 4225 1603 4311 Naturaeornamcntisnudatamdeploratis,suspicitebaccaetornalumina,quae

397 4325 497 4384 tautam
521 4323 631 4383 mundo
645 4325 894 4401 pulchritudinem
906 4325 1040 4399 addunt,
1055 4328 1087 4384 et
1100 4341 1189 4400 qrram
1204 4327 1313 4386 eximia
1326 4326 1382 4386 sim
1396 4328 1598 4406 cognoscatis,

395 4421 530 4499 suspicite
542 4422 752 4499 haectempla,
767 4424 817 4484 ubi
830 4424 926 4483 omnia
940 4427 1038 4483 vestra
1050 4422 1186 4483 exaudiri
1202 4427 1272 4482 nota
1284 4430 1455 4504 exoptatis,
1468 4429 1500 4486 el
1511 4443 1602 4502 quam

394 4512 569 4592 amplissima
585 4517 748 4592 patrocinia
764 4516 843 4594 apud
860 4519 950 4578 Deum
966 4516 1116 4595 Optimum
1140 4515 1299 4577 llanimum
1315 4521 1489 4597 suscipiam,
1505 4521 1603 4582 consi·

394 4605 512 4672 deretis.
530 4603 660 4694 §tutante
675 4608 809 4687 proinde,
823 4612 948 4671 statuite
958 4611 1079 4670 landem
1093 4608 1212 4671 modum
1229 4611 1333 4689 luctui,
1348 4613 1436 4674 tincm
1451 4615 1558 4677 dolori:
1571 4620 1603 4678 et

392 4698 536 4777 siquidem
550 4701 662 4762 meade
676 4708 773 4765 morte
786 4705 860 4765 adeo
874 4703 1013 4766 doluistis
1024 4705 1130 4767 acerbo
1144 4705 1193 4763 illo
1208 4707 1395 4783 potissimum
1410 4708 1498 4784 pleno
1514 4711 1603 4772 booe-

393 4798 475 4859 statis
498 4804 678 4876 argumento
691 4802 773 4865 ducti
788 4846 797 4879 ,
812 4803 892 4880 quod
907 4803 1043 4866 maximis
1058 4805 1137 4867 ritae
1151 4804 1314 4866 commodis
1328 4820 1375 4866 me
1390 4807 1525 4868 orbatam
1539 4813 1603 4874 exi-
