<?xml version="1.0" encoding="UTF-8"?>
<!DOCTYPE html PUBLIC "-//W3C//DTD XHTML 1.0 Transitional//EN"
    "http://www.w3.org/TR/xhtml1/DTD/xhtml1-transitional.dtd">
<html xmlns="http://www.w3.org/1999/xhtml" xml:lang="en" lang="en">
 <head>
  <title>
</title>
<meta http-equiv="Content-Type" content="text/html;charset=utf-8" />
  <meta name='ocr-system' content='tesseract 3.04.00' />
  <meta name='ocr-capabilities' content='ocr_page ocr_carea ocr_par ocr_line ocrx_word'/>
</head>
<body>
  <div class='ocr_page' id='page_1' title='image "./operedigiambatt01ferrgoog_0435.png"; bbox 0 0 3942 5592; ppageno 0'>
   <div class='ocr_carea' id='block_1_1' title="bbox 474 513 512 576">
    <p class='ocr_par' dir='ltr' id='par_1_1' title="bbox 474 513 512 576">
     <span class='ocr_line' id='line_1_1' title="bbox 474 513 512 576; baseline -0.105 0"><span class='ocrx_word' id='word_1_1' title='bbox 474 513 512 576; x_wconf 71' lang='lat' dir='ltr'><strong><em>ib</em></strong></span> 
     </span>
    </p>
   </div>
   <div class='ocr_carea' id='block_1_2' title="bbox 438 624 1651 1026">
    <p class='ocr_par' dir='ltr' id='par_1_2' title="bbox 480 624 1383 703">
     <span class='ocr_line' id='line_1_2' title="bbox 480 624 1383 703; baseline -0.011 -13"><span class='ocrx_word' id='word_1_2' title='bbox 480 630 553 690; x_wconf 84' lang='lat' dir='ltr'><strong><em>Tria</em></strong></span> <span class='ocrx_word' id='word_1_3' title='bbox 566 629 663 685; x_wconf 88' lang='lat' dir='ltr'><strong><em>nutem</em></strong></span> <span class='ocrx_word' id='word_1_4' title='bbox 676 641 785 701; x_wconf 66' lang='lat' dir='ltr'><strong><em>uenere</em></strong></span> <span class='ocrx_word' id='word_1_5' title='bbox 798 630 878 702; x_wconf 72' lang='lat' dir='ltr'><strong><em>stunt,</em></strong></span> <span class='ocrx_word' id='word_1_6' title='bbox 892 624 1043 703; x_wconf 75' lang='lat' dir='ltr'><strong><em>fortunae,</em></strong></span> <span class='ocrx_word' id='word_1_7' title='bbox 1058 629 1203 701; x_wconf 82' lang='lat' dir='ltr'><strong><em>eorporis.</em></strong></span> <span class='ocrx_word' id='word_1_8' title='bbox 1218 627 1383 702; x_wconf 79' lang='lat' dir='ltr'><strong><em>animique.</em></strong></span> 
     </span>
    </p>

    <p class='ocr_par' dir='ltr' id='par_1_3' title="bbox 438 692 1650 864">
     <span class='ocr_line' id='line_1_3' title="bbox 478 692 1650 785; baseline -0.006 -18"><span class='ocrx_word' id='word_1_9' title='bbox 478 706 515 769; x_wconf 81' lang='lat' dir='ltr'><strong><em>In</em></strong></span> <span class='ocrx_word' id='word_1_10' title='bbox 527 706 667 785; x_wconf 74' lang='lat' dir='ltr'><strong><em>fortunae</em></strong></span> <span class='ocrx_word' id='word_1_11' title='bbox 681 706 792 766; x_wconf 87' lang='lat' dir='ltr'><strong><em>ditione</em></strong></span> <span class='ocrx_word' id='word_1_12' title='bbox 806 710 876 766; x_wconf 85' lang='lat' dir='ltr'><strong><em>sunt</em></strong></span> <span class='ocrx_word' id='word_1_13' title='bbox 890 705 1025 780; x_wconf 85' lang='lat' dir='ltr'><strong><em>diuitiae,</em></strong></span> <span class='ocrx_word' id='word_1_14' title='bbox 1041 721 1122 783; x_wconf 83' lang='lat' dir='ltr'><strong><em>opes,</em></strong></span> <span class='ocrx_word' id='word_1_15' title='bbox 1138 704 1265 765; x_wconf 84' lang='lat' dir='ltr'><strong><em>bonores</em></strong></span> <span class='ocrx_word' id='word_1_16' title='bbox 1277 745 1286 781; x_wconf 84' lang='lat'><strong><em>,</em></strong></span> <span class='ocrx_word' id='word_1_17' title='bbox 1300 702 1554 773; x_wconf 73' lang='lat' dir='ltr'><strong><em>necessitudines,</em></strong></span> <span class='ocrx_word' id='word_1_18' title='bbox 1566 692 1650 755; x_wconf 70' lang='lat'><em>⁸⁰⁶⁰·</em></span> 
     </span>
     <span class='ocr_line' id='line_1_4' title="bbox 438 785 1217 864; baseline -0.01 -13"><span class='ocrx_word' id='word_1_19' title='bbox 438 790 493 864; x_wconf 83' lang='lat' dir='ltr'><strong><em>tes,</em></strong></span> <span class='ocrx_word' id='word_1_20' title='bbox 509 785 670 864; x_wconf 69' lang='lat' dir='ltr'><strong><em>factiosum</em></strong></span> <span class='ocrx_word' id='word_1_21' title='bbox 684 802 756 846; x_wconf 85' lang='lat' dir='ltr'><strong><em>nem</em></strong></span> <span class='ocrx_word' id='word_1_22' title='bbox 769 789 918 846; x_wconf 71' lang='lat' dir='ltr'><strong><em>amicitiae</em></strong></span> <span class='ocrx_word' id='word_1_23' title='bbox 930 791 1042 849; x_wconf 75' lang='lat' dir='ltr'><strong><em>uirtirte</em></strong></span> <span class='ocrx_word' id='word_1_24' title='bbox 1050 787 1217 864; x_wconf 81' lang='lat' dir='ltr'><strong><em>parentur.</em></strong></span> 
     </span>
    </p>

    <p class='ocr_par' dir='ltr' id='par_1_4' title="bbox 475 855 1651 946">
     <span class='ocr_line' id='line_1_5' title="bbox 475 855 1651 946; baseline -0.01 -17"><span class='ocrx_word' id='word_1_25' title='bbox 475 872 619 946; x_wconf 63' lang='lat' dir='ltr'><strong><em>dornone</em></strong></span> <span class='ocrx_word' id='word_1_26' title='bbox 634 865 729 943; x_wconf 88' lang='lat' dir='ltr'><strong><em>dotes,</em></strong></span> <span class='ocrx_word' id='word_1_27' title='bbox 738 865 1140 945; x_wconf 62' lang='lat' dir='ltr'><strong><em>venustamdiynitosbono,</em></strong></span> <span class='ocrx_word' id='word_1_28' title='bbox 1150 863 1301 939; x_wconf 82' lang='lat' dir='ltr'><strong><em>udetudo,</em></strong></span> <span class='ocrx_word' id='word_1_29' title='bbox 1309 855 1651 941; x_wconf 56' lang='lat' dir='ltr'><strong><em>ianuamianuaim.</em></strong></span> 
     </span>
    </p>

    <p class='ocr_par' dir='ltr' id='par_1_5' title="bbox 478 943 1432 1026">
     <span class='ocr_line' id='line_1_6' title="bbox 478 943 1432 1026; baseline -0.01 -14"><span class='ocrx_word' id='word_1_30' title='bbox 478 953 580 1012; x_wconf 81' lang='lat' dir='ltr'><strong><em>Animi</em></strong></span> <span class='ocrx_word' id='word_1_31' title='bbox 594 945 657 1005; x_wconf 83' lang='lat' dir='ltr'><strong><em>etin</em></strong></span> <span class='ocrx_word' id='word_1_32' title='bbox 670 951 738 1023; x_wconf 82' lang='lat' dir='ltr'><strong><em>sunt</em></strong></span> <span class='ocrx_word' id='word_1_33' title='bbox 752 950 855 1020; x_wconf 82' lang='lat' dir='ltr'><strong><em>insita,</em></strong></span> <span class='ocrx_word' id='word_1_34' title='bbox 869 952 902 1007; x_wconf 88' lang='lat' dir='ltr'><strong><em>ut</em></strong></span> <span class='ocrx_word' id='word_1_35' title='bbox 915 951 1082 1026; x_wconf 63' lang='lat' dir='ltr'><strong><em>inueniam,</em></strong></span> <span class='ocrx_word' id='word_1_36' title='bbox 1092 943 1432 1023; x_wconf 63' lang='lat' dir='ltr'><strong><em>peraerumnosis.</em></strong></span> 
     </span>
    </p>
   </div>
   <div class='ocr_carea' id='block_1_3' title="bbox 477 1017 1655 1108">
    <p class='ocr_par' dir='ltr' id='par_1_6' title="bbox 477 1017 1655 1108">
     <span class='ocr_line' id='line_1_7' title="bbox 477 1017 1655 1108; baseline -0.013 -17"><span class='ocrx_word' id='word_1_37' title='bbox 477 1030 549 1091; x_wconf 80' lang='lat' dir='ltr'><strong><em>Atia</em></strong></span> <span class='ocrx_word' id='word_1_38' title='bbox 563 1031 632 1088; x_wconf 81' lang='lat' dir='ltr'><strong><em>sunt</em></strong></span> <span class='ocrx_word' id='word_1_39' title='bbox 646 1030 816 1104; x_wconf 80' lang='lat' dir='ltr'><strong><em>oeqtrisita,</em></strong></span> <span class='ocrx_word' id='word_1_40' title='bbox 831 1032 921 1108; x_wconf 83' lang='lat' dir='ltr'><strong><em>etque</em></strong></span> <span class='ocrx_word' id='word_1_41' title='bbox 939 1046 976 1089; x_wconf 86' lang='lat' dir='ltr'><strong><em>ea</em></strong></span> <span class='ocrx_word' id='word_1_42' title='bbox 989 1033 1058 1089; x_wconf 85' lang='lat' dir='ltr'><strong><em>sunt</em></strong></span> <span class='ocrx_word' id='word_1_43' title='bbox 1071 1031 1193 1088; x_wconf 80' lang='lat' dir='ltr'><strong><em>virtutes</em></strong></span> <span class='ocrx_word' id='word_1_44' title='bbox 1208 1070 1217 1104; x_wconf 95' lang='lat'><strong><em>,</em></strong></span> <span class='ocrx_word' id='word_1_45' title='bbox 1237 1032 1299 1088; x_wconf 84' lang='lat' dir='ltr'><strong><em>sive</em></strong></span> <span class='ocrx_word' id='word_1_46' title='bbox 1312 1025 1520 1101; x_wconf 84' lang='lat' dir='ltr'><strong><em>dianoetieoe,</em></strong></span> <span class='ocrx_word' id='word_1_47' title='bbox 1534 1034 1587 1083; x_wconf 77' lang='lat' dir='ltr'><strong><em>reti</em></strong></span> <span class='ocrx_word' id='word_1_48' title='bbox 1598 1061 1608 1090; x_wconf 85' lang='lat'><strong><em>,</em></strong></span> <span class='ocrx_word' id='word_1_49' title='bbox 1621 1017 1655 1076; x_wconf 88' lang='lat' dir='ltr'><strong><em>ttt</em></strong></span> 
     </span>
    </p>
   </div>
   <div class='ocr_carea' id='block_1_4' title="bbox 311 1094 1654 1186">
    <p class='ocr_par' dir='ltr' id='par_1_7' title="bbox 311 1094 1654 1186">
     <span class='ocr_line' id='line_1_8' title="bbox 311 1094 1654 1186; baseline -0.004 -21"><span class='ocrx_word' id='word_1_50' title='bbox 311 1160 316 1165; x_wconf 91' lang='lat'>.</span> <span class='ocrx_word' id='word_1_51' title='bbox 437 1111 524 1186; x_wconf 65' lang='lat' dir='ltr'><strong><em>enirm</em></strong></span> <span class='ocrx_word' id='word_1_52' title='bbox 539 1111 660 1184; x_wconf 78' lang='lat' dir='ltr'><strong><em>dieitur,</em></strong></span> <span class='ocrx_word' id='word_1_53' title='bbox 675 1106 884 1185; x_wconf 72' lang='lat' dir='ltr'><strong><em>intellectione,</em></strong></span> <span class='ocrx_word' id='word_1_54' title='bbox 899 1109 979 1169; x_wconf 85' lang='lat' dir='ltr'><strong><em>aliae</em></strong></span> <span class='ocrx_word' id='word_1_55' title='bbox 993 1106 1138 1185; x_wconf 83' lang='lat' dir='ltr'><strong><em>oetlriene,</em></strong></span> <span class='ocrx_word' id='word_1_56' title='bbox 1152 1109 1215 1169; x_wconf 83' lang='lat' dir='ltr'><strong><em>siue</em></strong></span> <span class='ocrx_word' id='word_1_57' title='bbox 1228 1105 1371 1176; x_wconf 75' lang='lat' dir='ltr'><strong><em>manaim,-</em></strong></span> <span class='ocrx_word' id='word_1_58' title='bbox 1390 1103 1467 1165; x_wconf 79' lang='lat' dir='ltr'><strong><em>ittae</em></strong></span> <span class='ocrx_word' id='word_1_59' title='bbox 1479 1106 1551 1168; x_wconf 73' lang='lat' dir='ltr'><strong><em>enni</em></strong></span> <span class='ocrx_word' id='word_1_60' title='bbox 1563 1094 1654 1160; x_wconf 77' lang='lat' dir='ltr'><strong><em>iuu-</em></strong></span> 
     </span>
    </p>
   </div>
   <div class='ocr_carea' id='block_1_5' title="bbox 438 1187 1711 2636">
    <p class='ocr_par' dir='ltr' id='par_1_8' title="bbox 438 1187 1027 1267">
     <span class='ocr_line' id='line_1_9' title="bbox 438 1187 1027 1267; baseline -0.01 -15"><span class='ocrx_word' id='word_1_61' title='bbox 438 1191 542 1267; x_wconf 81' lang='lat' dir='ltr'><strong><em>leetus,</em></strong></span> <span class='ocrx_word' id='word_1_62' title='bbox 560 1187 632 1248; x_wconf 81' lang='lat' dir='ltr'><strong><em>baec</em></strong></span> <span class='ocrx_word' id='word_1_63' title='bbox 645 1188 806 1250; x_wconf 80' lang='lat' dir='ltr'><strong><em>uoluntatis</em></strong></span> <span class='ocrx_word' id='word_1_64' title='bbox 817 1188 1027 1266; x_wconf 73' lang='lat' dir='ltr'><strong><em>perfectiones.</em></strong></span> 
     </span>
    </p>

    <p class='ocr_par' dir='ltr' id='par_1_9' title="bbox 480 1269 1141 1345">
     <span class='ocr_line' id='line_1_10' title="bbox 480 1269 1141 1345; baseline -0.005 -14"><span class='ocrx_word' id='word_1_65' title='bbox 480 1269 665 1345; x_wconf 81' lang='lat' dir='ltr'><strong><em>Intellectus,</em></strong></span> <span class='ocrx_word' id='word_1_66' title='bbox 680 1273 712 1326; x_wconf 90' lang='lat' dir='ltr'><strong><em>ut</em></strong></span> <span class='ocrx_word' id='word_1_67' title='bbox 726 1273 984 1344; x_wconf 57' lang='lat' dir='ltr'><strong><em>serenitudinis,</em></strong></span> <span class='ocrx_word' id='word_1_68' title='bbox 1000 1269 1141 1330; x_wconf 69' lang='lat' dir='ltr'><strong><em>medrito,</em></strong></span> 
     </span>
    </p>

    <p class='ocr_par' dir='ltr' id='par_1_10' title="bbox 485 1345 1254 1427">
     <span class='ocr_line' id='line_1_11' title="bbox 485 1345 1254 1427; baseline -0.005 -16"><span class='ocrx_word' id='word_1_69' title='bbox 485 1351 664 1427; x_wconf 80' lang='lat' dir='ltr'><strong><em>Voluntatis,</em></strong></span> <span class='ocrx_word' id='word_1_70' title='bbox 677 1352 710 1406; x_wconf 85' lang='lat' dir='ltr'><strong><em>nt</em></strong></span> <span class='ocrx_word' id='word_1_71' title='bbox 723 1353 849 1424; x_wconf 87' lang='lat' dir='ltr'><strong><em>iustitia,</em></strong></span> <span class='ocrx_word' id='word_1_72' title='bbox 866 1354 1077 1427; x_wconf 82' lang='lat' dir='ltr'><strong><em>temperantia,</em></strong></span> <span class='ocrx_word' id='word_1_73' title='bbox 1092 1345 1254 1425; x_wconf 71' lang='lat' dir='ltr'><strong><em>fortitudo.</em></strong></span> 
     </span>
    </p>

    <p class='ocr_par' dir='ltr' id='par_1_11' title="bbox 438 1425 1656 1589">
     <span class='ocr_line' id='line_1_12' title="bbox 481 1425 1656 1509; baseline -0.004 -16"><span class='ocrx_word' id='word_1_74' title='bbox 481 1429 648 1504; x_wconf 86' lang='lat' dir='ltr'><strong><em>Intettoetu,</em></strong></span> <span class='ocrx_word' id='word_1_75' title='bbox 663 1433 689 1488; x_wconf 87' lang='lat' dir='ltr'><strong><em>et</em></strong></span> <span class='ocrx_word' id='word_1_76' title='bbox 702 1428 852 1490; x_wconf 79' lang='lat' dir='ltr'><strong><em>uoluntate</em></strong></span> <span class='ocrx_word' id='word_1_77' title='bbox 865 1434 999 1490; x_wconf 77' lang='lat' dir='ltr'><strong><em>constant</em></strong></span> <span class='ocrx_word' id='word_1_78' title='bbox 1007 1430 1186 1509; x_wconf 82' lang='lat' dir='ltr'><strong><em>prudentia,</em></strong></span> <span class='ocrx_word' id='word_1_79' title='bbox 1198 1433 1226 1489; x_wconf 86' lang='lat' dir='ltr'><strong><em>et</em></strong></span> <span class='ocrx_word' id='word_1_80' title='bbox 1238 1431 1398 1506; x_wconf 69' lang='lat' dir='ltr'><strong><em>sumentia,</em></strong></span> <span class='ocrx_word' id='word_1_81' title='bbox 1414 1443 1493 1504; x_wconf 80' lang='lat' dir='ltr'><strong><em>quae</em></strong></span> <span class='ocrx_word' id='word_1_82' title='bbox 1505 1432 1548 1491; x_wconf 85' lang='lat' dir='ltr'><strong><em>est</em></strong></span> <span class='ocrx_word' id='word_1_83' title='bbox 1562 1425 1656 1488; x_wconf 62' lang='lat' dir='ltr'><strong><em>nomi</em></strong></span> 
     </span>
     <span class='ocr_line' id='line_1_13' title="bbox 438 1506 1302 1589; baseline -0.008 -15"><span class='ocrx_word' id='word_1_84' title='bbox 438 1517 486 1574; x_wconf 82' lang='lat' dir='ltr'><strong><em>nis</em></strong></span> <span class='ocrx_word' id='word_1_85' title='bbox 499 1512 662 1582; x_wconf 85' lang='lat' dir='ltr'><strong><em>interioris,</em></strong></span> <span class='ocrx_word' id='word_1_86' title='bbox 679 1506 734 1568; x_wconf 83' lang='lat' dir='ltr'><strong><em>boe</em></strong></span> <span class='ocrx_word' id='word_1_87' title='bbox 747 1513 791 1568; x_wconf 85' lang='lat' dir='ltr'><strong><em>est</em></strong></span> <span class='ocrx_word' id='word_1_88' title='bbox 800 1515 916 1589; x_wconf 85' lang='lat' dir='ltr'><strong><em>mentis,</em></strong></span> <span class='ocrx_word' id='word_1_89' title='bbox 931 1515 958 1571; x_wconf 86' lang='lat' dir='ltr'><strong><em>ei</em></strong></span> <span class='ocrx_word' id='word_1_90' title='bbox 967 1515 1063 1570; x_wconf 81' lang='lat' dir='ltr'><strong><em>oninti</em></strong></span> <span class='ocrx_word' id='word_1_91' title='bbox 1076 1513 1302 1571; x_wconf 81' lang='lat' dir='ltr'><strong><em>consummatio.</em></strong></span> 
     </span>
    </p>

    <p class='ocr_par' dir='ltr' id='par_1_12' title="bbox 440 1588 1657 1830">
     <span class='ocr_line' id='line_1_14' title="bbox 481 1588 1657 1669; baseline 0 -18"><span class='ocrx_word' id='word_1_92' title='bbox 481 1591 532 1656; x_wconf 80' lang='lat' dir='ltr'><strong><em>Ex</em></strong></span> <span class='ocrx_word' id='word_1_93' title='bbox 547 1588 595 1652; x_wconf 78' lang='lat' dir='ltr'><strong><em>bis</em></strong></span> <span class='ocrx_word' id='word_1_94' title='bbox 608 1589 742 1648; x_wconf 80' lang='lat' dir='ltr'><strong><em>ominibus</em></strong></span> <span class='ocrx_word' id='word_1_95' title='bbox 755 1589 895 1650; x_wconf 79' lang='lat' dir='ltr'><strong><em>bennum</em></strong></span> <span class='ocrx_word' id='word_1_96' title='bbox 913 1592 1070 1669; x_wconf 64' lang='lat' dir='ltr'><strong><em>nonoribus</em></strong></span> <span class='ocrx_word' id='word_1_97' title='bbox 1084 1607 1147 1650; x_wconf 88' lang='lat' dir='ltr'><strong><em>una</em></strong></span> <span class='ocrx_word' id='word_1_98' title='bbox 1160 1594 1254 1651; x_wconf 83' lang='lat' dir='ltr'><strong><em>uirtus</em></strong></span> <span class='ocrx_word' id='word_1_99' title='bbox 1262 1607 1322 1668; x_wconf 77' lang='lat' dir='ltr'><strong><em>per</em></strong></span> <span class='ocrx_word' id='word_1_100' title='bbox 1335 1609 1368 1652; x_wconf 82' lang='lat' dir='ltr'><strong><em>se</em></strong></span> <span class='ocrx_word' id='word_1_101' title='bbox 1381 1590 1553 1661; x_wconf 65' lang='lat' dir='ltr'><strong><em>tenum·</em></strong></span> <span class='ocrx_word' id='word_1_102' title='bbox 1563 1592 1657 1651; x_wconf 85' lang='lat' dir='ltr'><strong><em>eaete-</em></strong></span> 
     </span>
     <span class='ocr_line' id='line_1_15' title="bbox 440 1669 1656 1750; baseline -0.002 -17"><span class='ocrx_word' id='word_1_103' title='bbox 440 1691 478 1733; x_wconf 86' lang='lat' dir='ltr'><strong><em>ro</em></strong></span> <span class='ocrx_word' id='word_1_104' title='bbox 491 1675 589 1732; x_wconf 77' lang='lat' dir='ltr'><strong><em>erstem</em></strong></span> <span class='ocrx_word' id='word_1_105' title='bbox 603 1669 841 1730; x_wconf 80' lang='lat' dir='ltr'><strong><em>commendamur</em></strong></span> <span class='ocrx_word' id='word_1_106' title='bbox 855 1671 1055 1744; x_wconf 78' lang='lat' dir='ltr'><strong><em>adnirtutem3</em></strong></span> <span class='ocrx_word' id='word_1_107' title='bbox 1070 1675 1103 1732; x_wconf 88' lang='lat' dir='ltr'><strong><em>nt</em></strong></span> <span class='ocrx_word' id='word_1_108' title='bbox 1116 1675 1151 1731; x_wconf 89' lang='lat' dir='ltr'><strong><em>in</em></strong></span> <span class='ocrx_word' id='word_1_109' title='bbox 1164 1685 1279 1731; x_wconf 85' lang='lat' dir='ltr'><strong><em>summo</em></strong></span> <span class='ocrx_word' id='word_1_110' title='bbox 1288 1675 1443 1750; x_wconf 79' lang='lat' dir='ltr'><strong><em>petesuia,</em></strong></span> <span class='ocrx_word' id='word_1_111' title='bbox 1463 1687 1582 1732; x_wconf 81' lang='lat' dir='ltr'><strong><em>susurro</em></strong></span> <span class='ocrx_word' id='word_1_112' title='bbox 1593 1686 1656 1730; x_wconf 87' lang='lat' dir='ltr'><strong><em>mo·</em></strong></span> 
     </span>
     <span class='ocr_line' id='line_1_16' title="bbox 441 1748 1414 1830; baseline -0.006 -15"><span class='ocrx_word' id='word_1_113' title='bbox 441 1756 573 1826; x_wconf 85' lang='lat' dir='ltr'><strong><em>deratio,</em></strong></span> <span class='ocrx_word' id='word_1_114' title='bbox 585 1767 649 1809; x_wconf 82' lang='lat' dir='ltr'><strong><em>eunt</em></strong></span> <span class='ocrx_word' id='word_1_115' title='bbox 663 1766 736 1810; x_wconf 88' lang='lat' dir='ltr'><strong><em>raro</em></strong></span> <span class='ocrx_word' id='word_1_116' title='bbox 749 1748 863 1827; x_wconf 73' lang='lat' dir='ltr'><strong><em>suma,</em></strong></span> <span class='ocrx_word' id='word_1_117' title='bbox 876 1753 1035 1829; x_wconf 81' lang='lat' dir='ltr'><strong><em>praeclara</em></strong></span> <span class='ocrx_word' id='word_1_118' title='bbox 1043 1753 1205 1830; x_wconf 77' lang='lat' dir='ltr'><strong><em>pudicitia.</em></strong></span> <span class='ocrx_word' id='word_1_119' title='bbox 1412 1754 1414 1756; x_wconf 80' lang='grc'><strong>’</strong></span> 
     </span>
    </p>

    <p class='ocr_par' dir='ltr' id='par_1_13' title="bbox 483 1829 1555 1910">
     <span class='ocr_line' id='line_1_17' title="bbox 483 1829 1555 1910; baseline -0.005 -17"><span class='ocrx_word' id='word_1_120' title='bbox 483 1833 563 1893; x_wconf 86' lang='lat' dir='ltr'><strong><em>Ordo</em></strong></span> <span class='ocrx_word' id='word_1_121' title='bbox 577 1829 784 1891; x_wconf 83' lang='lat' dir='ltr'><strong><em>laudationum</em></strong></span> <span class='ocrx_word' id='word_1_122' title='bbox 797 1835 849 1891; x_wconf 88' lang='lat' dir='ltr'><strong><em>out</em></strong></span> <span class='ocrx_word' id='word_1_123' title='bbox 862 1833 1014 1894; x_wconf 78' lang='lat' dir='ltr'><strong><em>maturatis</em></strong></span> <span class='ocrx_word' id='word_1_124' title='bbox 1028 1837 1082 1910; x_wconf 86' lang='lat' dir='ltr'><strong><em>est,</em></strong></span> <span class='ocrx_word' id='word_1_125' title='bbox 1094 1837 1147 1892; x_wconf 88' lang='lat' dir='ltr'><strong><em>aut</em></strong></span> <span class='ocrx_word' id='word_1_126' title='bbox 1160 1831 1358 1908; x_wconf 78' lang='lat' dir='ltr'><strong><em>artificiosus,</em></strong></span> <span class='ocrx_word' id='word_1_127' title='bbox 1372 1835 1425 1891; x_wconf 87' lang='lat' dir='ltr'><strong><em>aut</em></strong></span> <span class='ocrx_word' id='word_1_128' title='bbox 1436 1837 1555 1895; x_wconf 73' lang='lat' dir='ltr'><strong><em>mutus.</em></strong></span> 
     </span>
    </p>

    <p class='ocr_par' dir='ltr' id='par_1_14' title="bbox 438 1909 1658 2073">
     <span class='ocr_line' id='line_1_18' title="bbox 481 1909 1658 1992; baseline -0.002 -18"><span class='ocrx_word' id='word_1_129' title='bbox 481 1909 642 1974; x_wconf 76' lang='lat' dir='ltr'><strong><em>Naturalis</em></strong></span> <span class='ocrx_word' id='word_1_130' title='bbox 657 1913 712 1982; x_wconf 85' lang='lat' dir='ltr'><strong><em>est,</em></strong></span> <span class='ocrx_word' id='word_1_131' title='bbox 738 1915 767 1971; x_wconf 87' lang='lat' dir='ltr'><strong><em>si</em></strong></span> <span class='ocrx_word' id='word_1_132' title='bbox 776 1915 919 1989; x_wconf 85' lang='lat' dir='ltr'><strong><em>aetatum,</em></strong></span> <span class='ocrx_word' id='word_1_133' title='bbox 934 1918 963 1973; x_wconf 87' lang='lat' dir='ltr'><strong><em>et</em></strong></span> <span class='ocrx_word' id='word_1_134' title='bbox 975 1929 1074 1974; x_wconf 80' lang='lat' dir='ltr'><strong><em>rerum</em></strong></span> <span class='ocrx_word' id='word_1_135' title='bbox 1088 1917 1238 1989; x_wconf 71' lang='lat' dir='ltr'><strong><em>aeriarum</em></strong></span> <span class='ocrx_word' id='word_1_136' title='bbox 1255 1914 1391 1974; x_wconf 77' lang='lat' dir='ltr'><strong><em>ordinem</em></strong></span> <span class='ocrx_word' id='word_1_137' title='bbox 1397 1914 1609 1992; x_wconf 69' lang='lat' dir='ltr'><strong><em>persequemur</em></strong></span> <span class='ocrx_word' id='word_1_138' title='bbox 1622 1912 1658 1972; x_wconf 79' lang='lat' dir='ltr'><strong><em>ut</em></strong></span> 
     </span>
     <span class='ocr_line' id='line_1_19' title="bbox 438 1989 1372 2073; baseline -0.001 -19"><span class='ocrx_word' id='word_1_139' title='bbox 438 1995 590 2073; x_wconf 80' lang='lat' dir='ltr'><strong><em>praestitit</em></strong></span> <span class='ocrx_word' id='word_1_140' title='bbox 607 1989 723 2053; x_wconf 75' lang='lat' dir='ltr'><strong><em>Hirtius</em></strong></span> <span class='ocrx_word' id='word_1_141' title='bbox 737 1998 770 2052; x_wconf 90' lang='lat' dir='ltr'><strong><em>in</em></strong></span> <span class='ocrx_word' id='word_1_142' title='bbox 786 2008 843 2052; x_wconf 85' lang='lat' dir='ltr'><strong><em>sua</em></strong></span> <span class='ocrx_word' id='word_1_143' title='bbox 857 1991 898 2055; x_wconf 87' lang='lat' dir='ltr'><strong><em>nd</em></strong></span> <span class='ocrx_word' id='word_1_144' title='bbox 913 1996 1078 2056; x_wconf 84' lang='lat' dir='ltr'><strong><em>Traianum</em></strong></span> <span class='ocrx_word' id='word_1_145' title='bbox 1086 1999 1247 2072; x_wconf 74' lang='lat' dir='ltr'><strong><em>poneqyri.</em></strong></span> <span class='ocrx_word' id='word_1_146' title='bbox 1365 1998 1372 2015; x_wconf 73' lang='lat'>⁸</span> 
     </span>
    </p>

    <p class='ocr_par' dir='ltr' id='par_1_15' title="bbox 440 2072 1662 2473">
     <span class='ocr_line' id='line_1_20' title="bbox 482 2072 1661 2153; baseline -0.002 -19"><span class='ocrx_word' id='word_1_147' title='bbox 482 2072 682 2149; x_wconf 65' lang='lat' dir='ltr'><strong><em>Artificiosum</em></strong></span> <span class='ocrx_word' id='word_1_148' title='bbox 699 2077 727 2132; x_wconf 84' lang='lat' dir='ltr'><strong><em>si</em></strong></span> <span class='ocrx_word' id='word_1_149' title='bbox 740 2078 838 2133; x_wconf 83' lang='lat' dir='ltr'><strong><em>omnio</em></strong></span> <span class='ocrx_word' id='word_1_150' title='bbox 852 2074 977 2136; x_wconf 77' lang='lat' dir='ltr'><strong><em>mudum</em></strong></span> <span class='ocrx_word' id='word_1_151' title='bbox 991 2079 1166 2150; x_wconf 72' lang='lat' dir='ltr'><strong><em>ornamenta</em></strong></span> <span class='ocrx_word' id='word_1_152' title='bbox 1180 2075 1222 2134; x_wconf 89' lang='lat' dir='ltr'><strong><em>ad</em></strong></span> <span class='ocrx_word' id='word_1_153' title='bbox 1237 2089 1352 2134; x_wconf 82' lang='lat' dir='ltr'><strong><em>sumnia</em></strong></span> <span class='ocrx_word' id='word_1_154' title='bbox 1365 2089 1465 2134; x_wconf 80' lang='lat' dir='ltr'><strong><em>rerum</em></strong></span> <span class='ocrx_word' id='word_1_155' title='bbox 1477 2091 1590 2153; x_wconf 75' lang='lat' dir='ltr'><strong><em>nonem</em></strong></span> <span class='ocrx_word' id='word_1_156' title='bbox 1608 2090 1661 2132; x_wconf 79' lang='lat' dir='ltr'><strong><em>re·</em></strong></span> 
     </span>
     <span class='ocr_line' id='line_1_21' title="bbox 440 2154 1661 2233; baseline 0 -16"><span class='ocrx_word' id='word_1_157' title='bbox 440 2172 536 2225; x_wconf 76' lang='lat' dir='ltr'><strong><em>roms,-</em></strong></span> <span class='ocrx_word' id='word_1_158' title='bbox 550 2157 583 2212; x_wconf 87' lang='lat' dir='ltr'><strong><em>ut</em></strong></span> <span class='ocrx_word' id='word_1_159' title='bbox 597 2154 698 2214; x_wconf 83' lang='lat' dir='ltr'><strong><em>Cr‘eero</em></strong></span> <span class='ocrx_word' id='word_1_160' title='bbox 709 2157 743 2213; x_wconf 90' lang='lat' dir='ltr'><strong><em>in</em></strong></span> <span class='ocrx_word' id='word_1_161' title='bbox 756 2155 927 2216; x_wconf 84' lang='lat' dir='ltr'><strong><em>Maniliana</em></strong></span> <span class='ocrx_word' id='word_1_162' title='bbox 942 2154 1073 2233; x_wconf 80' lang='lat' dir='ltr'><strong><em>Pompeii</em></strong></span> <span class='ocrx_word' id='word_1_163' title='bbox 1084 2154 1285 2215; x_wconf 74' lang='lat' dir='ltr'><strong><em>laudationem</em></strong></span> <span class='ocrx_word' id='word_1_164' title='bbox 1303 2154 1503 2232; x_wconf 69' lang='lat' dir='ltr'><strong><em>dispensatim,-</em></strong></span> <span class='ocrx_word' id='word_1_165' title='bbox 1517 2159 1547 2216; x_wconf 85' lang='lat' dir='ltr'><strong><em>et</em></strong></span> <span class='ocrx_word' id='word_1_166' title='bbox 1560 2170 1661 2216; x_wconf 76' lang='lat' dir='ltr'><strong><em>omnes</em></strong></span> 
     </span>
     <span class='ocr_line' id='line_1_22' title="bbox 442 2233 1661 2312; baseline -0.001 -13"><span class='ocrx_word' id='word_1_167' title='bbox 442 2240 508 2299; x_wconf 85' lang='lat' dir='ltr'><strong><em>eius</em></strong></span> <span class='ocrx_word' id='word_1_168' title='bbox 521 2239 629 2294; x_wconf 83' lang='lat' dir='ltr'><strong><em>summi</em></strong></span> <span class='ocrx_word' id='word_1_169' title='bbox 642 2235 730 2296; x_wconf 77' lang='lat' dir='ltr'><strong><em>dude</em></strong></span> <span class='ocrx_word' id='word_1_170' title='bbox 741 2233 846 2296; x_wconf 82' lang='lat' dir='ltr'><strong><em>laudes</em></strong></span> <span class='ocrx_word' id='word_1_171' title='bbox 856 2237 897 2297; x_wconf 87' lang='lat' dir='ltr'><strong><em>ad</em></strong></span> <span class='ocrx_word' id='word_1_172' title='bbox 907 2235 980 2296; x_wconf 83' lang='lat' dir='ltr'><strong><em>baec</em></strong></span> <span class='ocrx_word' id='word_1_173' title='bbox 994 2239 1126 2312; x_wconf 80' lang='lat' dir='ltr'><strong><em>quatuor</em></strong></span> <span class='ocrx_word' id='word_1_174' title='bbox 1132 2251 1248 2295; x_wconf 84' lang='lat' dir='ltr'><strong><em>summa</em></strong></span> <span class='ocrx_word' id='word_1_175' title='bbox 1261 2238 1362 2312; x_wconf 80' lang='lat' dir='ltr'><strong><em>eapite</em></strong></span> <span class='ocrx_word' id='word_1_176' title='bbox 1371 2235 1494 2311; x_wconf 72' lang='lat' dir='ltr'><strong><em>redimi.-</em></strong></span> <span class='ocrx_word' id='word_1_177' title='bbox 1503 2238 1661 2298; x_wconf 81' lang='lat' dir='ltr'><strong><em>scientiam</em></strong></span> 
     </span>
     <span class='ocr_line' id='line_1_23' title="bbox 442 2314 1662 2392; baseline 0.001 -14"><span class='ocrx_word' id='word_1_178' title='bbox 442 2320 488 2378; x_wconf 86' lang='lat' dir='ltr'><strong><em>rei</em></strong></span> <span class='ocrx_word' id='word_1_179' title='bbox 501 2314 658 2391; x_wconf 81' lang='lat' dir='ltr'><strong><em>militaris,</em></strong></span> <span class='ocrx_word' id='word_1_180' title='bbox 672 2318 823 2385; x_wconf 74' lang='lat' dir='ltr'><strong><em>virtatem,</em></strong></span> <span class='ocrx_word' id='word_1_181' title='bbox 839 2320 1054 2385; x_wconf 75' lang='lat' dir='ltr'><strong><em>anctoritatem,</em></strong></span> <span class='ocrx_word' id='word_1_182' title='bbox 1070 2320 1098 2377; x_wconf 89' lang='lat' dir='ltr'><strong><em>et</em></strong></span> <span class='ocrx_word' id='word_1_183' title='bbox 1109 2314 1298 2392; x_wconf 65' lang='lat' dir='ltr'><strong><em>sotietatem</em></strong></span> <span class='ocrx_word' id='word_1_184' title='bbox 1306 2331 1383 2391; x_wconf 79' lang='lat' dir='ltr'><strong><em>quae</em></strong></span> <span class='ocrx_word' id='word_1_185' title='bbox 1392 2331 1523 2381; x_wconf 78' lang='lat' dir='ltr'><strong><em>memmae</em></strong></span> <span class='ocrx_word' id='word_1_186' title='bbox 1536 2324 1571 2380; x_wconf 83' lang='lat' dir='ltr'><strong><em>in</em></strong></span> <span class='ocrx_word' id='word_1_187' title='bbox 1583 2330 1662 2379; x_wconf 75' lang='lat' dir='ltr'><strong><em>stret·</em></strong></span> 
     </span>
     <span class='ocr_line' id='line_1_24' title="bbox 441 2392 1387 2473; baseline -0.003 -14"><span class='ocrx_word' id='word_1_188' title='bbox 441 2413 491 2459; x_wconf 90' lang='lat' dir='ltr'><strong><em>mo</em></strong></span> <span class='ocrx_word' id='word_1_189' title='bbox 504 2396 580 2455; x_wconf 86' lang='lat' dir='ltr'><strong><em>duee</em></strong></span> <span class='ocrx_word' id='word_1_190' title='bbox 593 2412 655 2458; x_wconf 84' lang='lat' dir='ltr'><strong><em>esse</em></strong></span> <span class='ocrx_word' id='word_1_191' title='bbox 669 2392 785 2473; x_wconf 87' lang='lat' dir='ltr'><strong><em>debent,</em></strong></span> <span class='ocrx_word' id='word_1_192' title='bbox 800 2400 827 2455; x_wconf 88' lang='lat' dir='ltr'><strong><em>et</em></strong></span> <span class='ocrx_word' id='word_1_193' title='bbox 840 2414 938 2460; x_wconf 81' lang='lat' dir='ltr'><strong><em>omnes</em></strong></span> <span class='ocrx_word' id='word_1_194' title='bbox 948 2402 982 2457; x_wconf 90' lang='lat' dir='ltr'><strong><em>in</em></strong></span> <span class='ocrx_word' id='word_1_195' title='bbox 993 2400 1132 2473; x_wconf 85' lang='lat' dir='ltr'><strong><em>Pompeio</em></strong></span> <span class='ocrx_word' id='word_1_196' title='bbox 1145 2401 1230 2458; x_wconf 70' lang='lat' dir='ltr'><strong><em>mont</em></strong></span> <span class='ocrx_word' id='word_1_197' title='bbox 1243 2399 1387 2473; x_wconf 71' lang='lat' dir='ltr'><strong><em>corrosae.</em></strong></span> 
     </span>
    </p>

    <p class='ocr_par' dir='ltr' id='par_1_16' title="bbox 438 2474 1711 2636">
     <span class='ocr_line' id='line_1_25' title="bbox 438 2474 1711 2564; baseline 0.001 -29"><span class='ocrx_word' id='word_1_198' title='bbox 438 2515 441 2519; x_wconf 33' lang='grc' dir='ltr'><em>ι</em></span> <span class='ocrx_word' id='word_1_199' title='bbox 487 2475 594 2536; x_wconf 86' lang='lat' dir='ltr'><strong><em>Misius</em></strong></span> <span class='ocrx_word' id='word_1_200' title='bbox 609 2475 816 2536; x_wconf 79' lang='lat' dir='ltr'><strong><em>laudationum</em></strong></span> <span class='ocrx_word' id='word_1_201' title='bbox 831 2478 903 2537; x_wconf 90' lang='lat' dir='ltr'><strong><em>ordo</em></strong></span> <span class='ocrx_word' id='word_1_202' title='bbox 916 2482 989 2554; x_wconf 87' lang='lat' dir='ltr'><strong><em>erit,</em></strong></span> <span class='ocrx_word' id='word_1_203' title='bbox 1002 2482 1030 2539; x_wconf 87' lang='lat' dir='ltr'><strong><em>si</em></strong></span> <span class='ocrx_word' id='word_1_204' title='bbox 1042 2481 1078 2538; x_wconf 88' lang='lat' dir='ltr'><strong><em>ut</em></strong></span> <span class='ocrx_word' id='word_1_205' title='bbox 1090 2477 1195 2539; x_wconf 86' lang='lat' dir='ltr'><strong><em>laudes</em></strong></span> <span class='ocrx_word' id='word_1_206' title='bbox 1209 2481 1243 2536; x_wconf 85' lang='lat' dir='ltr'><strong><em>in</em></strong></span> <span class='ocrx_word' id='word_1_207' title='bbox 1255 2479 1336 2538; x_wconf 81' lang='lat' dir='ltr'><strong><em>certa</em></strong></span> <span class='ocrx_word' id='word_1_208' title='bbox 1348 2481 1450 2555; x_wconf 71' lang='lat' dir='ltr'><strong><em>capio</em></strong></span> <span class='ocrx_word' id='word_1_209' title='bbox 1468 2474 1614 2564; x_wconf 71' lang='lat' dir='ltr'><strong><em>diuidet,</em></strong></span> <span class='ocrx_word' id='word_1_210' title='bbox 1633 2481 1662 2536; x_wconf 88' lang='lat' dir='ltr'><strong><em>et</em></strong></span> <span class='ocrx_word' id='word_1_211' title='bbox 1705 2545 1711 2559; x_wconf 30' lang='grc' dir='ltr'>ι</span> 
     </span>
     <span class='ocr_line' id='line_1_26' title="bbox 442 2558 1084 2636; baseline 0.003 -20"><span class='ocrx_word' id='word_1_212' title='bbox 442 2573 501 2634; x_wconf 82' lang='lat' dir='ltr'><strong><em>pro</em></strong></span> <span class='ocrx_word' id='word_1_213' title='bbox 514 2560 554 2616; x_wconf 82' lang='lat' dir='ltr'><strong><em>iis</em></strong></span> <span class='ocrx_word' id='word_1_214' title='bbox 569 2560 727 2632; x_wconf 83' lang='lat' dir='ltr'><strong><em>ternporum</em></strong></span> <span class='ocrx_word' id='word_1_215' title='bbox 738 2558 872 2616; x_wconf 82' lang='lat' dir='ltr'><strong><em>ordinem</em></strong></span> <span class='ocrx_word' id='word_1_216' title='bbox 880 2561 1084 2636; x_wconf 80' lang='lat' dir='ltr'><strong><em>persequaris.</em></strong></span> 
     </span>
    </p>
   </div>
   <div class='ocr_carea' id='block_1_6' title="bbox 424 2812 1671 4862">
    <p class='ocr_par' dir='ltr' id='par_1_17' title="bbox 486 2812 1341 2891">
     <span class='ocr_line' id='line_1_27' title="bbox 486 2812 1341 2891; baseline 0.006 -21"><span class='ocrx_word' id='word_1_217' title='bbox 486 2815 540 2871; x_wconf 86' lang='lat' dir='ltr'><strong><em>Tre</em></strong></span> <span class='ocrx_word' id='word_1_218' title='bbox 555 2818 631 2870; x_wconf 78' lang='lat' dir='ltr'><strong><em>sorta</em></strong></span> <span class='ocrx_word' id='word_1_219' title='bbox 643 2812 669 2872; x_wconf 88' lang='lat' dir='ltr'><strong><em>di</em></strong></span> <span class='ocrx_word' id='word_1_220' title='bbox 680 2816 742 2873; x_wconf 89' lang='lat' dir='ltr'><strong><em>beni</em></strong></span> <span class='ocrx_word' id='word_1_221' title='bbox 758 2833 836 2890; x_wconf 82' lang='lat' dir='ltr'><strong><em>son03</em></strong></span> <span class='ocrx_word' id='word_1_222' title='bbox 851 2819 878 2878; x_wconf 89' lang='lat' dir='ltr'><strong><em>di</em></strong></span> <span class='ocrx_word' id='word_1_223' title='bbox 891 2820 1013 2890; x_wconf 80' lang='lat' dir='ltr'><strong><em>terium,</em></strong></span> <span class='ocrx_word' id='word_1_224' title='bbox 1028 2822 1056 2879; x_wconf 92' lang='lat' dir='ltr'><strong><em>di</em></strong></span> <span class='ocrx_word' id='word_1_225' title='bbox 1070 2835 1168 2891; x_wconf 78' lang='lat' dir='ltr'><strong><em>corpo,</em></strong></span> <span class='ocrx_word' id='word_1_226' title='bbox 1184 2818 1211 2876; x_wconf 84' lang='lat' dir='ltr'><strong><em>d’</em></strong></span> <span class='ocrx_word' id='word_1_227' title='bbox 1221 2819 1321 2875; x_wconf 75' lang='lat' dir='ltr'><strong><em>animo.</em></strong></span> <span class='ocrx_word' id='word_1_228' title='bbox 1336 2812 1341 2818; x_wconf 80' lang='grc'><strong>’</strong></span> 
     </span>
    </p>

    <p class='ocr_par' dir='ltr' id='par_1_18' title="bbox 446 2888 1665 3049">
     <span class='ocr_line' id='line_1_28' title="bbox 484 2888 1665 2969; baseline 0.003 -23"><span class='ocrx_word' id='word_1_229' title='bbox 484 2891 515 2962; x_wconf 78' lang='lat' dir='ltr'><strong><em>ln</em></strong></span> <span class='ocrx_word' id='word_1_230' title='bbox 527 2889 599 2947; x_wconf 82' lang='lat' dir='ltr'><strong><em>belia</em></strong></span> <span class='ocrx_word' id='word_1_231' title='bbox 612 2889 683 2948; x_wconf 81' lang='lat' dir='ltr'><strong><em>delia</em></strong></span> <span class='ocrx_word' id='word_1_232' title='bbox 696 2892 808 2951; x_wconf 78' lang='lat' dir='ltr'><strong><em>fortune</em></strong></span> <span class='ocrx_word' id='word_1_233' title='bbox 822 2912 889 2954; x_wconf 87' lang='lat' dir='ltr'><strong><em>sono</em></strong></span> <span class='ocrx_word' id='word_1_234' title='bbox 902 2897 927 2955; x_wconf 89' lang='lat' dir='ltr'><strong><em>le</em></strong></span> <span class='ocrx_word' id='word_1_235' title='bbox 940 2898 1094 2964; x_wconf 82' lang='lat' dir='ltr'><strong><em>rieebezze,</em></strong></span> <span class='ocrx_word' id='word_1_236' title='bbox 1110 2896 1135 2952; x_wconf 81' lang='lat' dir='ltr'><strong><em>ln</em></strong></span> <span class='ocrx_word' id='word_1_237' title='bbox 1148 2903 1274 2969; x_wconf 76' lang='lat' dir='ltr'><strong><em>potenza,</em></strong></span> <span class='ocrx_word' id='word_1_238' title='bbox 1290 2893 1428 2966; x_wconf 68' lang='lat' dir='ltr'><strong><em>gliberti,</em></strong></span> <span class='ocrx_word' id='word_1_239' title='bbox 1441 2892 1467 2950; x_wconf 88' lang='lat' dir='ltr'><strong><em>ie</em></strong></span> <span class='ocrx_word' id='word_1_240' title='bbox 1481 2888 1619 2963; x_wconf 69' lang='lat' dir='ltr'><strong><em>ementur</em></strong></span> <span class='ocrx_word' id='word_1_241' title='bbox 1628 2890 1665 2949; x_wconf 84' lang='lat' dir='ltr'><strong><em>ed</em></strong></span> 
     </span>
     <span class='ocr_line' id='line_1_29' title="bbox 446 2965 1550 3049; baseline 0.004 -26"><span class='ocrx_word' id='word_1_242' title='bbox 446 2967 582 3034; x_wconf 71' lang='lat' dir='ltr'><strong><em>amicitie,</em></strong></span> <span class='ocrx_word' id='word_1_243' title='bbox 597 2965 738 3025; x_wconf 80' lang='lat' dir='ltr'><strong><em>t’autoritn</em></strong></span> <span class='ocrx_word' id='word_1_244' title='bbox 752 2986 768 3027; x_wconf 89' lang='lat' dir='ltr'><strong><em>e</em></strong></span> <span class='ocrx_word' id='word_1_245' title='bbox 783 2972 899 3030; x_wconf 82' lang='lat' dir='ltr'><strong><em>credite.</em></strong></span> <span class='ocrx_word' id='word_1_246' title='bbox 915 2975 938 3031; x_wconf 86' lang='lat' dir='ltr'><strong>E</strong></span> <span class='ocrx_word' id='word_1_247' title='bbox 953 2974 1112 3049; x_wconf 80' lang='lat' dir='ltr'><strong><em>simiglinnti</em></strong></span> <span class='ocrx_word' id='word_1_248' title='bbox 1125 2972 1187 3030; x_wconf 87' lang='lat' dir='ltr'><strong><em>beni</em></strong></span> <span class='ocrx_word' id='word_1_249' title='bbox 1204 2986 1253 3043; x_wconf 81' lang='lat' dir='ltr'><strong><em>per</em></strong></span> <span class='ocrx_word' id='word_1_250' title='bbox 1265 2970 1340 3026; x_wconf 80' lang='lat' dir='ltr'><strong><em>virid</em></strong></span> <span class='ocrx_word' id='word_1_251' title='bbox 1355 2967 1377 3024; x_wconf 89' lang='lat' dir='ltr'><strong><em>si</em></strong></span> <span class='ocrx_word' id='word_1_252' title='bbox 1391 2975 1550 3040; x_wconf 79' lang='lat' dir='ltr'><strong><em>ottengoao.</em></strong></span> 
     </span>
    </p>

    <p class='ocr_par' dir='ltr' id='par_1_19' title="bbox 443 3040 1663 3183">
     <span class='ocr_line' id='line_1_30' title="bbox 443 3040 1663 3183; baseline 0.003 -87"><span class='ocrx_word' id='word_1_253' title='bbox 443 3118 464 3183; x_wconf 63' lang='lat' dir='ltr'>P</span> <span class='ocrx_word' id='word_1_254' title='bbox 487 3043 545 3175; x_wconf 69' lang='lat' dir='ltr'><strong><em>bolti</em></strong></span> <span class='ocrx_word' id='word_1_255' title='bbox 555 3040 605 3174; x_wconf 55' lang='lat' dir='ltr'><strong><em>hde}</em></strong></span> <span class='ocrx_word' id='word_1_256' title='bbox 620 3058 706 3175; x_wconf 56' lang='lat' dir='ltr'><strong><em>eim</em></strong></span> <span class='ocrx_word' id='word_1_257' title='bbox 721 3061 788 3102; x_wconf 88' lang='lat' dir='ltr'><strong><em>sono</em></strong></span> <span class='ocrx_word' id='word_1_258' title='bbox 802 3047 828 3105; x_wconf 83' lang='lat' dir='ltr'><strong><em>ia</em></strong></span> <span class='ocrx_word' id='word_1_259' title='bbox 842 3048 969 3122; x_wconf 82' lang='lat' dir='ltr'><strong><em>beitezze,</em></strong></span> <span class='ocrx_word' id='word_1_260' title='bbox 986 3050 1014 3107; x_wconf 80' lang='lat' dir='ltr'><strong><em>la</em></strong></span> <span class='ocrx_word' id='word_1_261' title='bbox 1027 3050 1153 3122; x_wconf 76' lang='lat' dir='ltr'><strong><em>venusti,</em></strong></span> <span class='ocrx_word' id='word_1_262' title='bbox 1169 3048 1195 3104; x_wconf 85' lang='lat' dir='ltr'><strong><em>ie</em></strong></span> <span class='ocrx_word' id='word_1_263' title='bbox 1207 3046 1320 3121; x_wconf 65' lang='lat' dir='ltr'><strong><em>dignm,</em></strong></span> <span class='ocrx_word' id='word_1_264' title='bbox 1337 3044 1363 3102; x_wconf 78' lang='lat' dir='ltr'><strong><em>ie</em></strong></span> <span class='ocrx_word' id='word_1_265' title='bbox 1375 3043 1505 3116; x_wconf 66' lang='lat' dir='ltr'><strong><em>senitida</em></strong></span> <span class='ocrx_word' id='word_1_266' title='bbox 1519 3042 1663 3118; x_wconf 77' lang='lat' dir='ltr'><strong><em>iongsriti,</em></strong></span> 
     </span>
    </p>

    <p class='ocr_par' dir='ltr' id='par_1_20' title="bbox 475 3119 1239 3191">
     <span class='ocr_line' id='line_1_31' title="bbox 475 3119 1239 3191; baseline 0.004 -15"><span class='ocrx_word' id='word_1_267' title='bbox 475 3119 519 3191; x_wconf 79' lang='lat' dir='ltr'><strong><em>agi</em></strong></span> <span class='ocrx_word' id='word_1_268' title='bbox 533 3120 581 3190; x_wconf 83' lang='lat' dir='ltr'><strong><em>it,</em></strong></span> <span class='ocrx_word' id='word_1_269' title='bbox 606 3135 622 3175; x_wconf 84' lang='lat' dir='ltr'><strong><em>tt</em></strong></span> <span class='ocrx_word' id='word_1_270' title='bbox 647 3136 722 3177; x_wconf 78' lang='lat' dir='ltr'><strong><em>onze.</em></strong></span> <span class='ocrx_word' id='word_1_271' title='bbox 1176 3154 1180 3164; x_wconf 87' lang='lat'>·</span> <span class='ocrx_word' id='word_1_272' title='bbox 1236 3175 1239 3179; x_wconf 79' lang='grc'><strong><em>,</em></strong></span> 
     </span>
    </p>

    <p class='ocr_par' dir='ltr' id='par_1_21' title="bbox 448 3193 1666 3424">
     <span class='ocr_line' id='line_1_32' title="bbox 486 3193 1665 3275; baseline 0.002 -24"><span class='ocrx_word' id='word_1_273' title='bbox 486 3194 533 3252; x_wconf 77' lang='lat' dir='ltr'><strong><em>De&#39;</em></strong></span> <span class='ocrx_word' id='word_1_274' title='bbox 544 3195 608 3251; x_wconf 87' lang='lat' dir='ltr'><strong><em>beni</em></strong></span> <span class='ocrx_word' id='word_1_275' title='bbox 619 3194 681 3252; x_wconf 83' lang='lat' dir='ltr'><strong><em>dett</em></strong></span> <span class='ocrx_word' id='word_1_276' title='bbox 693 3198 784 3254; x_wconf 80' lang='lat' dir='ltr'><strong><em>animo</em></strong></span> <span class='ocrx_word' id='word_1_277' title='bbox 798 3199 890 3257; x_wconf 80' lang='lat' dir='ltr'><strong><em>alcuni</em></strong></span> <span class='ocrx_word' id='word_1_278' title='bbox 903 3217 972 3259; x_wconf 86' lang='lat' dir='ltr'><strong><em>seno</em></strong></span> <span class='ocrx_word' id='word_1_279' title='bbox 983 3202 1105 3275; x_wconf 77' lang='lat' dir='ltr'><strong><em>ingeniti,</em></strong></span> <span class='ocrx_word' id='word_1_280' title='bbox 1121 3214 1202 3258; x_wconf 86' lang='lat' dir='ltr'><strong><em>come</em></strong></span> <span class='ocrx_word' id='word_1_281' title='bbox 1215 3197 1233 3254; x_wconf 91' lang='lat' dir='ltr'><strong><em>l&#39;</em></strong></span> <span class='ocrx_word' id='word_1_282' title='bbox 1242 3197 1374 3270; x_wconf 77' lang='lat' dir='ltr'><strong><em>ingegno,</em></strong></span> <span class='ocrx_word' id='word_1_283' title='bbox 1389 3195 1416 3253; x_wconf 83' lang='lat' dir='ltr'><strong><em>in</em></strong></span> <span class='ocrx_word' id='word_1_284' title='bbox 1428 3194 1555 3264; x_wconf 74' lang='lat' dir='ltr'><strong><em>ienmsis,</em></strong></span> <span class='ocrx_word' id='word_1_285' title='bbox 1569 3193 1597 3253; x_wconf 83' lang='lat' dir='ltr'><strong><em>le</em></strong></span> <span class='ocrx_word' id='word_1_286' title='bbox 1607 3208 1665 3252; x_wconf 79' lang='lat' dir='ltr'><strong><em>mo·</em></strong></span> 
     </span>
     <span class='ocr_line' id='line_1_33' title="bbox 448 3269 1666 3346; baseline -0.001 -18"><span class='ocrx_word' id='word_1_287' title='bbox 448 3270 548 3328; x_wconf 83' lang='lat' dir='ltr'><strong><em>moria.</em></strong></span> <span class='ocrx_word' id='word_1_288' title='bbox 565 3269 632 3326; x_wconf 77' lang='lat' dir='ltr'><strong><em>Attii</em></strong></span> <span class='ocrx_word' id='word_1_289' title='bbox 647 3289 715 3329; x_wconf 89' lang='lat' dir='ltr'><strong><em>sono</em></strong></span> <span class='ocrx_word' id='word_1_290' title='bbox 729 3276 884 3346; x_wconf 80' lang='lat' dir='ltr'><strong><em>acquisisti,</em></strong></span> <span class='ocrx_word' id='word_1_291' title='bbox 899 3275 959 3334; x_wconf 82' lang='lat' dir='ltr'><strong><em>ciob</em></strong></span> <span class='ocrx_word' id='word_1_292' title='bbox 973 3277 1000 3336; x_wconf 85' lang='lat' dir='ltr'><strong><em>ie</em></strong></span> <span class='ocrx_word' id='word_1_293' title='bbox 1013 3278 1087 3335; x_wconf 83' lang='lat' dir='ltr'><strong><em>virid</em></strong></span> <span class='ocrx_word' id='word_1_294' title='bbox 1097 3273 1263 3344; x_wconf 81' lang='lat' dir='ltr'><strong><em>dinnotiebe,</em></strong></span> <span class='ocrx_word' id='word_1_295' title='bbox 1274 3289 1302 3341; x_wconf 85' lang='grc' dir='ltr'><strong><em>ο,</em></strong></span> <span class='ocrx_word' id='word_1_296' title='bbox 1314 3287 1393 3329; x_wconf 85' lang='lat' dir='ltr'><strong><em>corne</em></strong></span> <span class='ocrx_word' id='word_1_297' title='bbox 1403 3269 1666 3329; x_wconf 78' lang='lat' dir='ltr'><strong><em>comunementsdi·</em></strong></span> 
     </span>
     <span class='ocr_line' id='line_1_34' title="bbox 448 3344 1666 3424; baseline 0.002 -23"><span class='ocrx_word' id='word_1_298' title='bbox 448 3345 538 3414; x_wconf 82' lang='lat' dir='ltr'><strong><em>consi,</em></strong></span> <span class='ocrx_word' id='word_1_299' title='bbox 555 3344 721 3420; x_wconf 77' lang='lat' dir='ltr'><strong><em>intelieitive3</em></strong></span> <span class='ocrx_word' id='word_1_300' title='bbox 737 3365 752 3403; x_wconf 87' lang='lat' dir='ltr'><strong><em>e</em></strong></span> <span class='ocrx_word' id='word_1_301' title='bbox 767 3349 791 3406; x_wconf 87' lang='lat' dir='ltr'><strong><em>ie</em></strong></span> <span class='ocrx_word' id='word_1_302' title='bbox 805 3353 904 3424; x_wconf 86' lang='lat' dir='ltr'><strong><em>etiebe,</em></strong></span> <span class='ocrx_word' id='word_1_303' title='bbox 918 3370 1002 3410; x_wconf 84' lang='lat' dir='ltr'><strong><em>orver</em></strong></span> <span class='ocrx_word' id='word_1_304' title='bbox 1017 3353 1126 3411; x_wconf 76' lang='lat' dir='ltr'><strong><em>morali.</em></strong></span> <span class='ocrx_word' id='word_1_305' title='bbox 1143 3355 1179 3408; x_wconf 88' lang='lat' dir='ltr'><strong><em>Le</em></strong></span> <span class='ocrx_word' id='word_1_306' title='bbox 1193 3353 1281 3422; x_wconf 83' lang='lat' dir='ltr'><strong><em>prime</em></strong></span> <span class='ocrx_word' id='word_1_307' title='bbox 1295 3365 1344 3404; x_wconf 89' lang='lat' dir='ltr'><strong><em>son</em></strong></span> <span class='ocrx_word' id='word_1_308' title='bbox 1357 3345 1666 3421; x_wconf 82' lang='lat' dir='ltr'><strong><em>periezionideil&#39;iniei·</em></strong></span> 
     </span>
    </p>

    <p class='ocr_par' dir='ltr' id='par_1_22' title="bbox 424 3419 1372 3487">
     <span class='ocr_line' id='line_1_35' title="bbox 424 3419 1372 3487; baseline 0.023 -10"><span class='ocrx_word' id='word_1_309' title='bbox 424 3478 428 3483; x_wconf 85' lang='grc'><em>,</em></span> <span class='ocrx_word' id='word_1_310' title='bbox 451 3421 530 3485; x_wconf 86' lang='lat' dir='ltr'><strong><em>letto,</em></strong></span> <span class='ocrx_word' id='word_1_311' title='bbox 547 3419 571 3476; x_wconf 86' lang='lat' dir='ltr'><strong><em>ie</em></strong></span> <span class='ocrx_word' id='word_1_312' title='bbox 585 3423 702 3480; x_wconf 83' lang='lat' dir='ltr'><strong><em>seconde</em></strong></span> <span class='ocrx_word' id='word_1_313' title='bbox 715 3424 786 3480; x_wconf 82' lang='lat' dir='ltr'><strong><em>delia</em></strong></span> <span class='ocrx_word' id='word_1_314' title='bbox 800 3428 918 3487; x_wconf 79' lang='lat' dir='ltr'><strong><em>volenti.</em></strong></span> <span class='ocrx_word' id='word_1_315' title='bbox 1370 3439 1372 3442; x_wconf 71' lang='grc'>’</span> 
     </span>
    </p>

    <p class='ocr_par' dir='ltr' id='par_1_23' title="bbox 491 3495 1402 3575">
     <span class='ocr_line' id='line_1_36' title="bbox 491 3495 1402 3575; baseline 0.01 -23"><span class='ocrx_word' id='word_1_316' title='bbox 491 3495 541 3553; x_wconf 78' lang='lat' dir='ltr'><strong><em>nti</em></strong></span> <span class='ocrx_word' id='word_1_317' title='bbox 552 3497 689 3555; x_wconf 83' lang='lat' dir='ltr'><strong><em>Intelleito</em></strong></span> <span class='ocrx_word' id='word_1_318' title='bbox 703 3509 905 3575; x_wconf 78' lang='lat' dir='ltr'><strong><em>appartengono</em></strong></span> <span class='ocrx_word' id='word_1_319' title='bbox 919 3507 943 3562; x_wconf 86' lang='lat' dir='ltr'><strong><em>ie</em></strong></span> <span class='ocrx_word' id='word_1_320' title='bbox 957 3506 1074 3574; x_wconf 85' lang='lat' dir='ltr'><strong><em>seienze,</em></strong></span> <span class='ocrx_word' id='word_1_321' title='bbox 1089 3505 1115 3562; x_wconf 88' lang='lat' dir='ltr'><strong><em>te</em></strong></span> <span class='ocrx_word' id='word_1_322' title='bbox 1128 3503 1191 3573; x_wconf 80' lang='lat' dir='ltr'><strong><em>arti,</em></strong></span> <span class='ocrx_word' id='word_1_323' title='bbox 1206 3500 1224 3557; x_wconf 87' lang='lat' dir='ltr'><strong><em>i’</em></strong></span> <span class='ocrx_word' id='word_1_324' title='bbox 1235 3500 1402 3557; x_wconf 73' lang='lat' dir='ltr'><strong><em>eruditione·</em></strong></span> 
     </span>
    </p>

    <p class='ocr_par' dir='ltr' id='par_1_24' title="bbox 490 3571 1283 3653">
     <span class='ocr_line' id='line_1_37' title="bbox 490 3571 1283 3653; baseline 0.003 -24"><span class='ocrx_word' id='word_1_325' title='bbox 490 3571 552 3629; x_wconf 81' lang='lat' dir='ltr'><strong><em>nita</em></strong></span> <span class='ocrx_word' id='word_1_326' title='bbox 565 3573 674 3630; x_wconf 81' lang='lat' dir='ltr'><strong><em>volenti</em></strong></span> <span class='ocrx_word' id='word_1_327' title='bbox 688 3575 714 3632; x_wconf 81' lang='lat' dir='ltr'><strong><em>la</em></strong></span> <span class='ocrx_word' id='word_1_328' title='bbox 727 3579 862 3650; x_wconf 78' lang='lat' dir='ltr'><strong><em>giustizia,</em></strong></span> <span class='ocrx_word' id='word_1_329' title='bbox 877 3581 902 3638; x_wconf 84' lang='lat' dir='ltr'><strong><em>itt</em></strong></span> <span class='ocrx_word' id='word_1_330' title='bbox 916 3590 1100 3653; x_wconf 80' lang='lat' dir='ltr'><strong><em>temnernnza,</em></strong></span> <span class='ocrx_word' id='word_1_331' title='bbox 1115 3580 1139 3636; x_wconf 84' lang='lat' dir='ltr'><strong><em>ia</em></strong></span> <span class='ocrx_word' id='word_1_332' title='bbox 1155 3581 1283 3637; x_wconf 83' lang='lat' dir='ltr'><strong><em>tertezzn.</em></strong></span> 
     </span>
    </p>

    <p class='ocr_par' dir='ltr' id='par_1_25' title="bbox 452 3647 1667 3860">
     <span class='ocr_line' id='line_1_38' title="bbox 489 3647 1667 3729; baseline 0 -25"><span class='ocrx_word' id='word_1_333' title='bbox 489 3647 542 3704; x_wconf 75' lang='lat' dir='ltr'><strong><em>nli</em></strong></span> <span class='ocrx_word' id='word_1_334' title='bbox 554 3647 690 3707; x_wconf 84' lang='lat' dir='ltr'><strong><em>lnteiietto</em></strong></span> <span class='ocrx_word' id='word_1_335' title='bbox 703 3652 779 3711; x_wconf 77' lang='lat' dir='ltr'><strong><em>erite</em></strong></span> <span class='ocrx_word' id='word_1_336' title='bbox 789 3656 899 3715; x_wconf 79' lang='lat' dir='ltr'><strong><em>volenti</em></strong></span> <span class='ocrx_word' id='word_1_337' title='bbox 910 3659 1037 3725; x_wconf 78' lang='lat' dir='ltr'><strong><em>insieme,</em></strong></span> <span class='ocrx_word' id='word_1_338' title='bbox 1054 3658 1079 3715; x_wconf 81' lang='lat' dir='ltr'><strong><em>ia</em></strong></span> <span class='ocrx_word' id='word_1_339' title='bbox 1089 3656 1228 3729; x_wconf 78' lang='lat' dir='ltr'><strong><em>prudenza</em></strong></span> <span class='ocrx_word' id='word_1_340' title='bbox 1248 3669 1263 3710; x_wconf 87' lang='lat' dir='ltr'><strong><em>e</em></strong></span> <span class='ocrx_word' id='word_1_341' title='bbox 1284 3651 1309 3709; x_wconf 82' lang='lat' dir='ltr'><strong><em>le</em></strong></span> <span class='ocrx_word' id='word_1_342' title='bbox 1326 3653 1472 3724; x_wconf 70' lang='lat' dir='ltr'><strong><em>sapienia:</em></strong></span> <span class='ocrx_word' id='word_1_343' title='bbox 1495 3649 1524 3706; x_wconf 79' lang='lat' dir='ltr'><strong><em>in</em></strong></span> <span class='ocrx_word' id='word_1_344' title='bbox 1542 3649 1626 3722; x_wconf 73' lang='lat' dir='ltr'><strong><em>quale</em></strong></span> <span class='ocrx_word' id='word_1_345' title='bbox 1649 3647 1667 3704; x_wconf 78' lang='lat' dir='ltr'><strong><em>e</em></strong></span> 
     </span>
     <span class='ocr_line' id='line_1_39' title="bbox 452 3721 1665 3860; baseline 0.008 -79"><span class='ocrx_word' id='word_1_346' title='bbox 452 3740 559 3860; x_wconf 80' lang='lat' dir='ltr'><strong><em>lsemino</em></strong></span> <span class='ocrx_word' id='word_1_347' title='bbox 573 3723 607 3779; x_wconf 88' lang='lat' dir='ltr'><strong><em>ed</em></strong></span> <span class='ocrx_word' id='word_1_348' title='bbox 621 3724 715 3784; x_wconf 76' lang='lat' dir='ltr'><strong><em>ultimo</em></strong></span> <span class='ocrx_word' id='word_1_349' title='bbox 729 3728 972 3801; x_wconf 82' lang='lat' dir='ltr'><strong><em>periezionnmento</em></strong></span> <span class='ocrx_word' id='word_1_350' title='bbox 986 3734 1048 3792; x_wconf 86' lang='lat' dir='ltr'><strong><em>deli’</em></strong></span> <span class='ocrx_word' id='word_1_351' title='bbox 1059 3748 1143 3792; x_wconf 88' lang='lat' dir='ltr'><strong><em>uerno</em></strong></span> <span class='ocrx_word' id='word_1_352' title='bbox 1157 3729 1285 3789; x_wconf 84' lang='lat' dir='ltr'><strong><em>interiore</em></strong></span> <span class='ocrx_word' id='word_1_353' title='bbox 1296 3769 1304 3800; x_wconf 94' lang='lat'><strong><em>,</em></strong></span> <span class='ocrx_word' id='word_1_354' title='bbox 1316 3727 1377 3785; x_wconf 81' lang='lat' dir='ltr'><strong><em>eise</em></strong></span> <span class='ocrx_word' id='word_1_355' title='bbox 1390 3726 1461 3784; x_wconf 80' lang='lat' dir='ltr'><strong><em>delta</em></strong></span> <span class='ocrx_word' id='word_1_356' title='bbox 1473 3732 1563 3783; x_wconf 74' lang='lat' dir='ltr'><strong><em>mente</em></strong></span> <span class='ocrx_word' id='word_1_357' title='bbox 1575 3741 1592 3783; x_wconf 77' lang='lat' dir='ltr'><strong><em>e</em></strong></span> <span class='ocrx_word' id='word_1_358' title='bbox 1606 3721 1665 3782; x_wconf 62' lang='lat' dir='ltr'><strong><em>dil·</em></strong></span> 
     </span>
     <span class='ocr_line' id='line_1_40' title="bbox 463 3803 852 3858; baseline 0.005 0"><span class='ocrx_word' id='word_1_359' title='bbox 463 3803 570 3858; x_wconf 75' lang='lat' dir='ltr'><strong><em>’anima</em></strong></span> <span class='ocrx_word' id='word_1_360' title='bbox 849 3813 852 3817; x_wconf 81' lang='grc'><strong>’</strong></span> 
     </span>
    </p>

    <p class='ocr_par' dir='ltr' id='par_1_26' title="bbox 453 3873 1665 4107">
     <span class='ocr_line' id='line_1_41' title="bbox 492 3873 1662 3956; baseline 0.001 -24"><span class='ocrx_word' id='word_1_361' title='bbox 492 3876 521 3932; x_wconf 88' lang='lat' dir='ltr'><strong><em>bi</em></strong></span> <span class='ocrx_word' id='word_1_362' title='bbox 535 3873 602 3932; x_wconf 85' lang='lat' dir='ltr'><strong><em>tutti</em></strong></span> <span class='ocrx_word' id='word_1_363' title='bbox 615 3875 704 3944; x_wconf 79' lang='lat' dir='ltr'><strong><em>questi</em></strong></span> <span class='ocrx_word' id='word_1_364' title='bbox 719 3880 780 3937; x_wconf 89' lang='lat' dir='ltr'><strong><em>beni</em></strong></span> <span class='ocrx_word' id='word_1_365' title='bbox 794 3879 852 3937; x_wconf 81' lang='lat' dir='ltr'><strong><em>sola</em></strong></span> <span class='ocrx_word' id='word_1_366' title='bbox 863 3883 884 3938; x_wconf 91' lang='lat' dir='ltr'><strong><em>si</em></strong></span> <span class='ocrx_word' id='word_1_367' title='bbox 897 3883 961 3940; x_wconf 82' lang='lat' dir='ltr'><strong><em>lodn</em></strong></span> <span class='ocrx_word' id='word_1_368' title='bbox 973 3899 1023 3956; x_wconf 83' lang='lat' dir='ltr'><strong><em>per</em></strong></span> <span class='ocrx_word' id='word_1_369' title='bbox 1034 3899 1063 3940; x_wconf 85' lang='lat' dir='ltr'><strong><em>se</em></strong></span> <span class='ocrx_word' id='word_1_370' title='bbox 1078 3887 1165 3939; x_wconf 80' lang='lat' dir='ltr'><strong><em>siesse</em></strong></span> <span class='ocrx_word' id='word_1_371' title='bbox 1176 3878 1203 3935; x_wconf 83' lang='lat' dir='ltr'><strong><em>ia</em></strong></span> <span class='ocrx_word' id='word_1_372' title='bbox 1214 3874 1343 3948; x_wconf 73' lang='lat' dir='ltr'><strong><em>virtirzgii</em></strong></span> <span class='ocrx_word' id='word_1_373' title='bbox 1355 3873 1415 3931; x_wconf 80' lang='lat' dir='ltr'><strong><em>nitri</em></strong></span> <span class='ocrx_word' id='word_1_374' title='bbox 1425 3874 1448 3929; x_wconf 90' lang='lat' dir='ltr'><strong><em>si</em></strong></span> <span class='ocrx_word' id='word_1_375' title='bbox 1460 3875 1662 3933; x_wconf 78' lang='lat' dir='ltr'><strong><em>commendabo</em></strong></span> 
     </span>
     <span class='ocr_line' id='line_1_42' title="bbox 453 3947 1665 4032; baseline 0.002 -24"><span class='ocrx_word' id='word_1_376' title='bbox 453 3968 502 4027; x_wconf 81' lang='lat' dir='ltr'><strong><em>per</em></strong></span> <span class='ocrx_word' id='word_1_377' title='bbox 508 3955 637 4024; x_wconf 77' lang='lat' dir='ltr'><strong><em>repperio</em></strong></span> <span class='ocrx_word' id='word_1_378' title='bbox 647 3947 700 4006; x_wconf 78' lang='lat' dir='ltr'><strong><em>niis</em></strong></span> <span class='ocrx_word' id='word_1_379' title='bbox 712 3955 794 4026; x_wconf 73' lang='lat' dir='ltr'><strong><em>vinti,</em></strong></span> <span class='ocrx_word' id='word_1_380' title='bbox 802 3960 996 4031; x_wconf 82' lang='lat' dir='ltr'><strong><em>conequando</em></strong></span> <span class='ocrx_word' id='word_1_381' title='bbox 1006 3963 1032 4017; x_wconf 88' lang='lat' dir='ltr'><strong><em>in</em></strong></span> <span class='ocrx_word' id='word_1_382' title='bbox 1044 3955 1223 4032; x_wconf 78' lang='lat' dir='ltr'><strong><em>grandissima</em></strong></span> <span class='ocrx_word' id='word_1_383' title='bbox 1232 3961 1348 4025; x_wconf 80' lang='lat' dir='ltr'><strong><em>potenza</em></strong></span> <span class='ocrx_word' id='word_1_384' title='bbox 1358 3952 1380 4006; x_wconf 83' lang='lat' dir='ltr'><strong><em>si</em></strong></span> <span class='ocrx_word' id='word_1_385' title='bbox 1390 3958 1470 4007; x_wconf 80' lang='lat' dir='ltr'><strong><em>trove</em></strong></span> <span class='ocrx_word' id='word_1_386' title='bbox 1481 3952 1665 4022; x_wconf 73' lang='lat' dir='ltr'><strong><em>grandissima</em></strong></span> 
     </span>
     <span class='ocr_line' id='line_1_43' title="bbox 453 4026 1396 4107; baseline 0.002 -21"><span class='ocrx_word' id='word_1_387' title='bbox 453 4026 651 4093; x_wconf 65' lang='lat' dir='ltr'><strong><em>moderannum</em></strong></span> <span class='ocrx_word' id='word_1_388' title='bbox 666 4041 681 4082; x_wconf 89' lang='lat' dir='ltr'><strong><em>e</em></strong></span> <span class='ocrx_word' id='word_1_389' title='bbox 694 4032 746 4087; x_wconf 84' lang='lat' dir='ltr'><strong><em>nita</em></strong></span> <span class='ocrx_word' id='word_1_390' title='bbox 756 4049 817 4089; x_wconf 81' lang='lat' dir='ltr'><strong><em>rare</em></strong></span> <span class='ocrx_word' id='word_1_391' title='bbox 831 4034 946 4091; x_wconf 84' lang='lat' dir='ltr'><strong><em>beitezza</em></strong></span> <span class='ocrx_word' id='word_1_392' title='bbox 959 4036 980 4091; x_wconf 87' lang='lat' dir='ltr'><strong><em>s‘</em></strong></span> <span class='ocrx_word' id='word_1_393' title='bbox 991 4036 1125 4107; x_wconf 77' lang='lat' dir='ltr'><strong><em>aeeoppia</em></strong></span> <span class='ocrx_word' id='word_1_394' title='bbox 1134 4034 1238 4104; x_wconf 79' lang='lat' dir='ltr'><strong><em>insigne</em></strong></span> <span class='ocrx_word' id='word_1_395' title='bbox 1251 4028 1396 4103; x_wconf 67' lang='lat' dir='ltr'><strong><em>pudicitie.</em></strong></span> 
     </span>
    </p>

    <p class='ocr_par' dir='ltr' id='par_1_27' title="bbox 493 4101 1397 4180">
     <span class='ocr_line' id='line_1_44' title="bbox 493 4101 1397 4180; baseline -0.001 -21"><span class='ocrx_word' id='word_1_396' title='bbox 493 4106 521 4159; x_wconf 88' lang='lat' dir='ltr'><strong><em>in</em></strong></span> <span class='ocrx_word' id='word_1_397' title='bbox 536 4101 631 4160; x_wconf 79' lang='lat' dir='ltr'><strong><em>indere</em></strong></span> <span class='ocrx_word' id='word_1_398' title='bbox 644 4101 666 4154; x_wconf 87' lang='lat' dir='ltr'><strong><em>si</em></strong></span> <span class='ocrx_word' id='word_1_399' title='bbox 681 4107 749 4163; x_wconf 86' lang='lat' dir='ltr'><strong><em>tiene</em></strong></span> <span class='ocrx_word' id='word_1_400' title='bbox 763 4109 881 4166; x_wconf 85' lang='lat' dir='ltr'><strong><em>i’ordine</em></strong></span> <span class='ocrx_word' id='word_1_401' title='bbox 895 4126 911 4166; x_wconf 90' lang='lat' dir='ltr'><strong><em>o</em></strong></span> <span class='ocrx_word' id='word_1_402' title='bbox 926 4112 1060 4180; x_wconf 76' lang='lat' dir='ltr'><strong><em>naturate,</em></strong></span> <span class='ocrx_word' id='word_1_403' title='bbox 1078 4109 1258 4176; x_wconf 82' lang='lat' dir='ltr'><strong><em>oertificisie,</em></strong></span> <span class='ocrx_word' id='word_1_404' title='bbox 1274 4104 1397 4162; x_wconf 86' lang='lat' dir='ltr'><strong><em>emisio.</em></strong></span> 
     </span>
    </p>

    <p class='ocr_par' dir='ltr' id='par_1_28' title="bbox 454 4175 1669 4340">
     <span class='ocr_line' id='line_1_45' title="bbox 493 4175 1669 4256; baseline 0.014 -21"><span class='ocrx_word' id='word_1_405' title='bbox 493 4177 623 4236; x_wconf 81' lang='lat' dir='ltr'><strong><em>Naturale</em></strong></span> <span class='ocrx_word' id='word_1_406' title='bbox 635 4175 650 4233; x_wconf 78' lang='grc' dir='ltr'>ὲ</span> <span class='ocrx_word' id='word_1_407' title='bbox 665 4177 682 4234; x_wconf 81' lang='lat' dir='ltr'><strong><em>i’</em></strong></span> <span class='ocrx_word' id='word_1_408' title='bbox 694 4183 787 4242; x_wconf 86' lang='lat' dir='ltr'><strong><em>ordine</em></strong></span> <span class='ocrx_word' id='word_1_409' title='bbox 799 4203 828 4242; x_wconf 88' lang='lat' dir='ltr'><strong><em>se</em></strong></span> <span class='ocrx_word' id='word_1_410' title='bbox 842 4187 883 4242; x_wconf 81' lang='lat' dir='ltr'><strong><em>vai</em></strong></span> <span class='ocrx_word' id='word_1_411' title='bbox 897 4186 984 4244; x_wconf 89' lang='lat' dir='ltr'><strong><em>dietro</em></strong></span> <span class='ocrx_word' id='word_1_412' title='bbox 999 4188 1026 4245; x_wconf 83' lang='lat' dir='ltr'><strong><em>la</em></strong></span> <span class='ocrx_word' id='word_1_413' title='bbox 1038 4189 1109 4246; x_wconf 85' lang='lat' dir='ltr'><strong><em>serie</em></strong></span> <span class='ocrx_word' id='word_1_414' title='bbox 1121 4185 1163 4243; x_wconf 81' lang='lat' dir='ltr'><strong><em>de‘</em></strong></span> <span class='ocrx_word' id='word_1_415' title='bbox 1176 4185 1259 4256; x_wconf 83' lang='lat' dir='ltr'><strong><em>tempi</em></strong></span> <span class='ocrx_word' id='word_1_416' title='bbox 1273 4197 1288 4240; x_wconf 85' lang='lat' dir='ltr'><strong><em>e</em></strong></span> <span class='ocrx_word' id='word_1_417' title='bbox 1301 4180 1343 4239; x_wconf 88' lang='lat' dir='ltr'><strong><em>de’</em></strong></span> <span class='ocrx_word' id='word_1_418' title='bbox 1355 4177 1412 4237; x_wconf 79' lang='lat' dir='ltr'><strong><em>iatri</em></strong></span> <span class='ocrx_word' id='word_1_419' title='bbox 1423 4190 1431 4246; x_wconf 73' lang='lat' dir='ltr'><strong><em>&#39;i</em></strong></span> <span class='ocrx_word' id='word_1_420' title='bbox 1444 4193 1535 4236; x_wconf 74' lang='lat' dir='ltr'><strong>⁰⁰ffl0·</strong></span> <span class='ocrx_word' id='word_1_421' title='bbox 1545 4177 1669 4252; x_wconf 64' lang='grc' dir='ltr'>ΙΰθΡθῐῦ</span> 
     </span>
     <span class='ocr_line' id='line_1_46' title="bbox 454 4252 1516 4340; baseline 0.015 -26"><span class='ocrx_word' id='word_1_422' title='bbox 454 4253 540 4314; x_wconf 81' lang='lat' dir='ltr'><strong><em>Plinio</em></strong></span> <span class='ocrx_word' id='word_1_423' title='bbox 555 4252 596 4309; x_wconf 86' lang='lat' dir='ltr'><strong><em>nei</em></strong></span> <span class='ocrx_word' id='word_1_424' title='bbox 611 4262 999 4333; x_wconf 77' lang='lat' dir='ltr'><strong><em>suopnnegiricoairrieno.</em></strong></span> <span class='ocrx_word' id='word_1_425' title='bbox 1405 4328 1411 4340; x_wconf 74' lang='grc'>,</span> <span class='ocrx_word' id='word_1_426' title='bbox 1510 4329 1516 4340; x_wconf 87' lang='grc'>,</span> 
     </span>
    </p>

    <p class='ocr_par' dir='ltr' id='par_1_29' title="bbox 454 4329 1671 4723">
     <span class='ocr_line' id='line_1_47' title="bbox 486 4329 1665 4416; baseline 0.004 -28"><span class='ocrx_word' id='word_1_427' title='bbox 486 4329 646 4400; x_wconf 76' lang='lat' dir='ltr'><strong><em>nrtifieiate,</em></strong></span> <span class='ocrx_word' id='word_1_428' title='bbox 663 4348 692 4389; x_wconf 88' lang='lat' dir='ltr'><strong><em>se</em></strong></span> <span class='ocrx_word' id='word_1_429' title='bbox 706 4338 770 4394; x_wconf 85' lang='lat' dir='ltr'><strong><em>tutti</em></strong></span> <span class='ocrx_word' id='word_1_430' title='bbox 784 4337 819 4410; x_wconf 82' lang='lat' dir='ltr'><strong><em>gii</em></strong></span> <span class='ocrx_word' id='word_1_431' title='bbox 833 4343 986 4411; x_wconf 83' lang='lat' dir='ltr'><strong><em>argomenti</em></strong></span> <span class='ocrx_word' id='word_1_432' title='bbox 1005 4339 1031 4398; x_wconf 89' lang='lat' dir='ltr'><strong><em>di</em></strong></span> <span class='ocrx_word' id='word_1_433' title='bbox 1046 4338 1107 4395; x_wconf 84' lang='lat' dir='ltr'><strong><em>inde</em></strong></span> <span class='ocrx_word' id='word_1_434' title='bbox 1122 4335 1246 4394; x_wconf 81' lang='lat' dir='ltr'><strong><em>riebinmi</em></strong></span> <span class='ocrx_word' id='word_1_435' title='bbox 1259 4351 1275 4390; x_wconf 80' lang='lat' dir='ltr'>a</span> <span class='ocrx_word' id='word_1_436' title='bbox 1289 4331 1357 4391; x_wconf 84' lang='lat' dir='ltr'><strong><em>certi</em></strong></span> <span class='ocrx_word' id='word_1_437' title='bbox 1370 4329 1501 4403; x_wconf 74' lang='lat' dir='ltr'><strong><em>principat</em></strong></span> <span class='ocrx_word' id='word_1_438' title='bbox 1510 4335 1634 4416; x_wconf 22' lang='lat' dir='ltr'><strong><em>ige-neri</em></strong></span> <span class='ocrx_word' id='word_1_439' title='bbox 1648 4351 1665 4393; x_wconf 93' lang='lat' dir='ltr'><strong><em>e</em></strong></span> 
     </span>
     <span class='ocr_line' id='line_1_48' title="bbox 454 4405 1671 4484; baseline 0.003 -19"><span class='ocrx_word' id='word_1_440' title='bbox 454 4405 677 4476; x_wconf 78' lang='lat' dir='ltr'><strong><em>divisioni300me</em></strong></span> <span class='ocrx_word' id='word_1_441' title='bbox 690 4411 821 4474; x_wconf 82' lang='lat' dir='ltr'><strong><em>Cicerone</em></strong></span> <span class='ocrx_word' id='word_1_442' title='bbox 835 4414 959 4473; x_wconf 79' lang='lat' dir='ltr'><strong><em>distribui</em></strong></span> <span class='ocrx_word' id='word_1_443' title='bbox 970 4415 996 4473; x_wconf 88' lang='lat' dir='ltr'><strong><em>le</em></strong></span> <span class='ocrx_word' id='word_1_444' title='bbox 1009 4415 1063 4473; x_wconf 84' lang='lat' dir='ltr'><strong><em>todi</em></strong></span> <span class='ocrx_word' id='word_1_445' title='bbox 1075 4414 1100 4472; x_wconf 90' lang='lat' dir='ltr'><strong><em>di</em></strong></span> <span class='ocrx_word' id='word_1_446' title='bbox 1111 4415 1230 4484; x_wconf 80' lang='lat' dir='ltr'><strong><em>Pompeo</em></strong></span> <span class='ocrx_word' id='word_1_447' title='bbox 1241 4409 1311 4468; x_wconf 78' lang='lat' dir='ltr'><strong><em>neila</em></strong></span> <span class='ocrx_word' id='word_1_448' title='bbox 1321 4407 1471 4466; x_wconf 77' lang='lat' dir='ltr'><strong><em>Maniliana.</em></strong></span> <span class='ocrx_word' id='word_1_449' title='bbox 1484 4407 1586 4480; x_wconf 78' lang='lat' dir='ltr'><strong><em>Potebb</em></strong></span> <span class='ocrx_word' id='word_1_450' title='bbox 1597 4417 1671 4469; x_wconf 83' lang='lat' dir='ltr'><strong><em>tutte</em></strong></span> 
     </span>
     <span class='ocr_line' id='line_1_49' title="bbox 454 4480 1669 4566; baseline 0.015 -25"><span class='ocrx_word' id='word_1_451' title='bbox 454 4486 481 4541; x_wconf 86' lang='lat' dir='ltr'><strong><em>le</em></strong></span> <span class='ocrx_word' id='word_1_452' title='bbox 496 4483 579 4555; x_wconf 79' lang='lat' dir='ltr'><strong><em>glorie</em></strong></span> <span class='ocrx_word' id='word_1_453' title='bbox 603 4480 631 4537; x_wconf 78' lang='lat' dir='ltr'><strong><em>di</em></strong></span> <span class='ocrx_word' id='word_1_454' title='bbox 644 4488 707 4554; x_wconf 83' lang='lat' dir='ltr'><strong><em>quei</em></strong></span> <span class='ocrx_word' id='word_1_455' title='bbox 722 4506 827 4546; x_wconf 87' lang='lat' dir='ltr'><strong><em>sommo</em></strong></span> <span class='ocrx_word' id='word_1_456' title='bbox 842 4492 916 4548; x_wconf 81' lang='lat' dir='ltr'><strong><em>buce</em></strong></span> <span class='ocrx_word' id='word_1_457' title='bbox 931 4493 1031 4566; x_wconf 80' lang='lat' dir='ltr'><strong><em>stringe</em></strong></span> <span class='ocrx_word' id='word_1_458' title='bbox 1044 4508 1060 4548; x_wconf 82' lang='lat' dir='ltr'>a</span> <span class='ocrx_word' id='word_1_459' title='bbox 1073 4489 1162 4563; x_wconf 77' lang='lat' dir='ltr'><strong><em>questi</em></strong></span> <span class='ocrx_word' id='word_1_460' title='bbox 1183 4492 1294 4561; x_wconf 81' lang='lat' dir='ltr'><strong><em>quettro</em></strong></span> <span class='ocrx_word' id='word_1_461' title='bbox 1315 4483 1388 4555; x_wconf 61' lang='lat' dir='ltr'><strong><em>capu</em></strong></span> <span class='ocrx_word' id='word_1_462' title='bbox 1404 4483 1512 4538; x_wconf 53' lang='lat' dir='ltr'><strong><em>idem</em></strong></span> <span class='ocrx_word' id='word_1_463' title='bbox 1531 4485 1669 4559; x_wconf 61' lang='lat' dir='ltr'><strong><em>mimmii</em></strong></span> 
     </span>
     <span class='ocr_line' id='line_1_50' title="bbox 456 4559 1668 4639; baseline 0.007 -25"><span class='ocrx_word' id='word_1_464' title='bbox 456 4559 540 4628; x_wconf 78' lang='lat' dir='ltr'><strong><em>virtit,</em></strong></span> <span class='ocrx_word' id='word_1_465' title='bbox 555 4559 684 4632; x_wconf 80' lang='lat' dir='ltr'><strong><em>autoritb,</em></strong></span> <span class='ocrx_word' id='word_1_466' title='bbox 701 4564 811 4637; x_wconf 76' lang='lat' dir='ltr'><strong><em>ieiieiti3</em></strong></span> <span class='ocrx_word' id='word_1_467' title='bbox 828 4567 853 4624; x_wconf 86' lang='lat' dir='ltr'><strong><em>le</em></strong></span> <span class='ocrx_word' id='word_1_468' title='bbox 865 4568 937 4639; x_wconf 79' lang='lat' dir='ltr'><strong><em>quali</em></strong></span> <span class='ocrx_word' id='word_1_469' title='bbox 951 4585 1016 4626; x_wconf 82' lang='lat' dir='ltr'><strong><em>cose</em></strong></span> <span class='ocrx_word' id='word_1_470' title='bbox 1030 4582 1134 4625; x_wconf 88' lang='lat' dir='ltr'><strong><em>somme</em></strong></span> <span class='ocrx_word' id='word_1_471' title='bbox 1147 4580 1223 4623; x_wconf 85' lang='lat' dir='ltr'><strong><em>esser</em></strong></span> <span class='ocrx_word' id='word_1_472' title='bbox 1235 4563 1358 4623; x_wconf 79' lang='lat' dir='ltr'><strong><em>debbora</em></strong></span> <span class='ocrx_word' id='word_1_473' title='bbox 1372 4559 1399 4615; x_wconf 86' lang='lat' dir='ltr'><strong><em>in</em></strong></span> <span class='ocrx_word' id='word_1_474' title='bbox 1412 4575 1450 4615; x_wconf 89' lang='lat' dir='ltr'><strong><em>un</em></strong></span> <span class='ocrx_word' id='word_1_475' title='bbox 1460 4565 1668 4637; x_wconf 84' lang='lat' dir='ltr'><strong><em>sommebuee,</em></strong></span> 
     </span>
     <span class='ocr_line' id='line_1_51' title="bbox 456 4637 1580 4723; baseline 0.024 -33"><span class='ocrx_word' id='word_1_476' title='bbox 456 4653 472 4692; x_wconf 90' lang='lat' dir='ltr'><strong><em>e</em></strong></span> <span class='ocrx_word' id='word_1_477' title='bbox 485 4641 554 4720; x_wconf 73' lang='lat' dir='ltr'><strong><em>tutte</em></strong></span> <span class='ocrx_word' id='word_1_478' title='bbox 567 4649 650 4690; x_wconf 83' lang='lat' dir='ltr'><strong><em>erano</em></strong></span> <span class='ocrx_word' id='word_1_479' title='bbox 664 4637 691 4694; x_wconf 90' lang='lat' dir='ltr'><strong><em>in</em></strong></span> <span class='ocrx_word' id='word_1_480' title='bbox 704 4644 823 4714; x_wconf 74' lang='lat' dir='ltr'><strong><em>pompeo</em></strong></span> <span class='ocrx_word' id='word_1_481' title='bbox 836 4646 1061 4704; x_wconf 84' lang='lat' dir='ltr'><strong><em>eminentissime.</em></strong></span> <span class='ocrx_word' id='word_1_482' title='bbox 1368 4711 1374 4720; x_wconf 81' lang='grc'><strong>,</strong></span> <span class='ocrx_word' id='word_1_483' title='bbox 1397 4710 1402 4720; x_wconf 90' lang='grc'>,</span> <span class='ocrx_word' id='word_1_484' title='bbox 1573 4709 1580 4723; x_wconf 86' lang='grc'><em>,</em></span> 
     </span>
    </p>

    <p class='ocr_par' dir='ltr' id='par_1_30' title="bbox 459 4711 1669 4862">
     <span class='ocr_line' id='line_1_52' title="bbox 459 4711 1669 4844; baseline 0.021 -82"><span class='ocrx_word' id='word_1_485' title='bbox 459 4785 486 4844; x_wconf 34' lang='grc' dir='ltr'><strong><em>ἀ.</em></strong></span> <span class='ocrx_word' id='word_1_486' title='bbox 497 4713 629 4843; x_wconf 45' lang='lat' dir='ltr'><strong><em>nisiinter</em></strong></span> <span class='ocrx_word' id='word_1_487' title='bbox 643 4720 674 4800; x_wconf 77' lang='lat' dir='ltr'><strong><em>ta</em></strong></span> <span class='ocrx_word' id='word_1_488' title='bbox 687 4717 767 4777; x_wconf 87' lang='lat' dir='ltr'><strong><em>dividi</em></strong></span> <span class='ocrx_word' id='word_1_489' title='bbox 779 4720 885 4778; x_wconf 85' lang='lat' dir='ltr'><strong><em>incerti</em></strong></span> <span class='ocrx_word' id='word_1_490' title='bbox 899 4722 959 4794; x_wconf 81' lang='lat' dir='ltr'><strong><em>sepi</em></strong></span> <span class='ocrx_word' id='word_1_491' title='bbox 973 4722 999 4780; x_wconf 87' lang='lat' dir='ltr'><strong><em>ie</em></strong></span> <span class='ocrx_word' id='word_1_492' title='bbox 1013 4721 1098 4795; x_wconf 80' lang='lat' dir='ltr'><strong><em>laudi,</em></strong></span> <span class='ocrx_word' id='word_1_493' title='bbox 1113 4735 1128 4776; x_wconf 90' lang='lat' dir='ltr'><strong><em>e</em></strong></span> <span class='ocrx_word' id='word_1_494' title='bbox 1143 4718 1264 4778; x_wconf 84' lang='lat' dir='ltr'><strong><em>secondo</em></strong></span> <span class='ocrx_word' id='word_1_495' title='bbox 1277 4731 1338 4775; x_wconf 83' lang='lat' dir='ltr'><strong><em>eme</em></strong></span> <span class='ocrx_word' id='word_1_496' title='bbox 1352 4711 1439 4785; x_wconf 70' lang='lat' dir='ltr'><strong><em>tti1¹ss¹i</em></strong></span> <span class='ocrx_word' id='word_1_497' title='bbox 1451 4727 1466 4770; x_wconf 68' lang='grc' dir='ltr'>Θ</span> <span class='ocrx_word' id='word_1_498' title='bbox 1479 4712 1669 4808; x_wconf 56' lang='grc' dir='ltr'><strong><em>θθδῦῑψῐ·</em></strong></span> 
     </span>
     <span class='ocr_line' id='line_1_53' title="bbox 480 4801 1663 4862; baseline 0.022 -22"><span class='ocrx_word' id='word_1_499' title='bbox 480 4801 520 4844; x_wconf 88' lang='lat' dir='ltr'><strong><em>me</em></strong></span> <span class='ocrx_word' id='word_1_500' title='bbox 553 4802 567 4843; x_wconf 89' lang='lat' dir='ltr'><strong><em>e</em></strong></span> <span class='ocrx_word' id='word_1_501' title='bbox 598 4802 680 4862; x_wconf 85' lang='lat' dir='ltr'><strong><em>empr.</em></strong></span> <span class='ocrx_word' id='word_1_502' title='bbox 1661 4835 1663 4838; x_wconf 95' lang='lat'>·</span> 
     </span>
    </p>
   </div>
   <div class='ocr_carea' id='block_1_7' title="bbox 0 0 1987 5592">
    <p class='ocr_par' dir='ltr' id='par_1_31' title="bbox 0 0 1987 5592">
     <span class='ocr_line' id='line_1_54' title="bbox 0 0 1987 5592; baseline 0 0"><span class='ocrx_word' id='word_1_503' title='bbox 0 0 1987 5592; x_wconf 95' lang='lat' dir='ltr'><strong><em> </em></strong></span> 
     </span>
    </p>
   </div>
  </div>
 </body>
</html>
