3942 5592
475 450 531 511 tuo

436 561 487 619 ato
499 565 593 641 aaut,
601 565 784 642 priscianum
797 559 1082 638 aedibusobstructo,
1096 572 1332 642 oppupmrsm
1348 572 1476 646 poteras,
1493 567 1541 634 Ins
1553 572 1667 650 aliquot

437 648 546 729 uelites,
560 653 738 716 substancias
746 658 821 712 turri
835 653 934 728 aedes,
942 650 1004 713 'alii
1012 654 1131 730 nultos,
1144 657 1250 731 quibus
1272 665 1378 738 oipirsb
1390 662 1513 725 Potricii
1523 684 1555 727 se
1567 670 1667 727 socia·

438 749 516 819 runt,
529 749 556 804 et
578 746 759 808 desultorum
772 743 936 806 coenobium
949 751 1098 823 superant,
1112 752 1144 807 ut
1163 752 1253 812 turris
1264 757 1447 829 prospectum
1459 754 1614 831 infestem,
1628 773 1666 816 ac

428 857 486 916 ρον
498 842 574 902 idem
587 845 700 919 tempus
713 840 825 919 aliquot
836 839 956 902 Patricii
963 840 1142 920 Hispamipue
1152 845 1260 907 milites
1276 849 1304 908 et
1320 855 1543 926 pereprinornm
1556 867 1663 912 omnus

425 949 483 1009 per
491 934 621 1010 pensiles
634 934 794 993 Nonarreti
805 929 916 1011 bort-us,
930 931 981 992 ubi
995 930 1082 996 benus
1097 934 1134 994 ab
1147 943 1293 1012 superiori
1302 942 1383 998 noete
1393 939 1491 1003 scalas
1501 939 1543 1000 ad
1555 941 1589 1001 id
1597 955 1657 1015 pa·

431 1032 558 1102 rsrocrai,
569 1035 756 1106 moeprimus
766 1033 1113 1107 superinspectores
1122 1033 1248 1094 adsitum
1258 1031 1421 1093 coenobium
1431 1038 1590 1113 insimulat
1599 1034 1664 1096 illic

430 1125 684 1199 carcinomatum,
701 1120 969 1203 aditumqnefupoe
982 1127 1128 1186 seditiosis
1145 1125 1353 1204 praecludent.
1371 1126 1430 1186 Sed
1453 1145 1488 1186 ea
1501 1128 1538 1187 de
1561 1145 1594 1187 re
1600 1146 1661 1209 per

432 1217 593 1280 coenobitas
608 1221 650 1281 ad
660 1220 1014 1297 propnpnoutesperlata,
1029 1226 1062 1299 ii,
1074 1223 1199 1285 insidias
1210 1224 1306 1299 veriti,
1321 1223 1478 1292 excedunt,
1492 1224 1519 1281 et
1533 1221 1575 1283 ad
1587 1220 1660 1282 Dici

432 1313 587 1374 Laurentii
596 1318 701 1375 turrim
714 1333 785 1377 sese
797 1319 947 1392 recipiunt.
961 1314 1056 1394 Ipitur
1068 1315 1181 1378 duabus
1193 1311 1260 1390 fere
1270 1315 1306 1376 ab
1316 1318 1449 1377 »adiuta
1461 1319 1655 1393 oppupnatio-

432 1425 468 1468 nc
492 1408 584 1485 boris,
599 1414 688 1471 turris
697 1410 734 1471 ab
746 1409 885 1487 Hispanis
896 1410 1048 1488 obtinetur,
1058 1413 1241 1488 etpraesidio
1251 1407 1448 1486 confirmatur.
1462 1408 1538 1471 Him
1552 1416 1659 1472 sienim

432 1508 571 1565 sistarcia
586 1510 712 1582 upneim,
727 1523 783 1583 quo
806 1509 947 1566 tormenta
970 1508 1070 1566 eontra
1085 1508 1157 1568 Divi
1169 1506 1323 1568 laurentii
1342 1511 1446 1567 turrim
1468 1506 1660 1581 collocentur,

427 1614 486 1678 per
500 1601 618 1663 Realem
634 1604 752 1679 portam
764 1602 922 1680 epredilur,
936 1616 972 1658 ac
995 1616 1032 1658 ne
1045 1601 1082 1660 de
1098 1618 1191 1679 muro,
1204 1600 1255 1661 ubi
1265 1599 1338 1660 Diui
1357 1599 1475 1672 Aemili
1494 1600 1583 1662 aedes
1596 1603 1661 1660 situ

432 1702 485 1775 est,
507 1698 544 1758 ab
557 1700 702 1762 seditiosis
721 1715 824 1772 apmen
837 1693 973 1771 infestum
981 1695 1049 1774 fai,
1063 1696 1135 1757 illac
1148 1702 1227 1758 r'rstra
1241 1703 1409 1776 pomarium
1432 1696 1560 1758 urbanae
1572 1715 1663 1758 exosi·

436 1790 500 1851 biae
520 1797 707 1871 praemissae.
725 1790 800 1851 ltine
808 1807 865 1869 per
874 1791 989 1867 portam
1008 1789 1078 1849 Diui
1089 1790 1229 1850 Ianuarii
1238 1790 1351 1852 urbem.
1361 1793 1498 1866 inpressi,
1509 1806 1567 1866 per
1580 1795 1661 1849 viam

440 1884 647 1947 Carboruuiam
661 1887 801 1962 perpunt,
814 1883 866 1943 ubi
885 1881 923 1942 ab
935 1882 1056 1946 urbanis
1069 1883 1199 1946 eeeubiis
1221 1901 1285 1942 oum
1304 1884 1504 1944 seditiosoaim
1523 1879 1609 1958 plobo
1622 1881 1665 1942 ad

430 1984 549 2059 portam
566 1980 735 2056 Capuanum
748 1977 848 2040 leniter
858 1979 1042 2055 pupnalum5
1058 1994 1179 2053 quorum
1188 1974 1299 2052 aliquot
1313 1980 1401 2051 eaesi,
1413 1974 1499 2033 mulii
1508 1975 1600 2050 capti,
1610 1970 1661 2048 fu-

433 2077 498 2150 pati
509 2071 624 2150 reliqui.
648 2070 719 2133 Inde
731 2074 883 2149 eramiae,
903 2088 961 2149 qna
975 2074 1025 2129 nea
1048 2071 1086 2130 ab
1101 2068 1226 2131 Castello
1240 2069 1281 2129 ad
1301 2068 1471 2158 Capuanum
1487 2072 1606 2143 portam
1619 2070 1663 2129 ud

434 2168 505 2228 Divi
517 2163 672 2225 Laurentii
683 2167 783 2226 oedem
802 2169 881 2226 recta
891 2164 1039 2242 perducit,
1053 2180 1118 2223 eum
1131 2163 1274 2223 seditiosis
1294 2158 1487 2218 velitationem
1499 2163 1661 2220 instituunt.

434 2263 544 2341 Aptuca
556 2264 665 2319 intereo
678 2264 710 2318 in
722 2267 772 2321 uia
785 2266 930 2338 superiore
944 2261 1074 2335 divertit,
1082 2263 1108 2318 et
1111 2260 1327 2336 praetereumtes
1344 2253 1489 2330 Porolcficis
1499 2257 1597 2333 aedes,
1612 2274 1659 2316 eo·

430 2361 498 2434 pice
510 2353 548 2413 ab
566 2351 713 2413 Conlelmb
730 2351 887 2425 Cordinali
898 2357 935 2415 de
944 2349 1074 2427 fernestro
1088 2351 1242 2418 lustratae,
1254 2347 1292 2404 At
1304 2360 1372 2404 nero
1386 2362 1457 2403 mon
1469 2363 1520 2407 eas
1532 2362 1654 2423 propre·

434 2450 544 2510 dumos
557 2446 689 2509 seditiosi
697 2446 733 2506 ab
743 2445 827 2506 laena
837 2452 966 2523 praviter
978 2443 1166 2522 infestabant.
1181 2442 1370 2517 (lueinobrem
1381 2440 1530 2502 classiarii
1544 2440 1660 2522 spissa

433 2546 467 2601 ni
485 2546 517 2601 in
528 2557 579 2600 cas
592 2544 656 2600 oios
676 2543 808 2620 immissi,
823 2547 875 2618 qui
896 2538 1056 2619 velitando,
1070 2543 1161 2598 tutum
1180 2536 1299 2613 reliquis
1320 2535 1451 2613 facerent
1475 2554 1591 2614 apmcn,
1605 2537 1662 2597 alii

433 2651 545 2700 summa
557 2635 695 2693 testamen
707 2639 906 2715 conscendere,
917 2653 953 2697 ne
967 2638 1044 2696 aeres
1057 2636 1093 2696 de
1105 2632 1300 2711 aperiamus
1308 2630 1391 2710 loeis,
1402 2636 1546 2708 parietum
1560 2638 1659 2708 mina,

435 2727 486 2784 aut
501 2719 622 2803 defectis
644 2719 712 2780 telis
734 2721 910 2786 obmerdur.
928 2727 1044 2788 Interea
1062 2723 1257 2785 Gambamirlo
1262 2737 1403 2799 praesens
1423 2723 1527 2802 ubique
1540 2725 1656 2803 adesse,

434 2830 638 2895 quemeumque
647 2822 809 2895 nominaris,
822 2820 989 2896 admonere,
999 2813 1272 2896 sudes-epotare,-
1286 2813 1339 2876 sed
1348 2815 1466 2873 london
1479 2815 1663 2892 serpentead

435 2924 568 2970 oceasum
580 2909 639 2987 dre,
647 2914 716 2987 post
730 2914 817 2970 trium
830 2908 895 2986 fere
904 2908 1045 2970 lucrorum
1058 2912 1309 2989 oppupnatiouem,
1324 2905 1460 2984 dextera,
1474 2905 1558 2966 laem
1567 2911 1596 2968 ei
1606 2907 1661 2967 ad-

434 3009 526 3066 versis
539 3009 595 3064 uiis
608 3000 772 3078 infestatus,
784 3005 910 3068 subsidii
921 3008 1055 3068 mittendi
1068 3006 1193 3083 obtentu,
1207 3022 1272 3064 aim
1282 3007 1450 3081 praecipuis
1463 3002 1620 3081 seditiosis,
1630 3008 1662 3062 in

434 3096 724 3176 mocissenorum
738 3099 795 3161 alii
815 3103 846 3158 in
860 3099 931 3160 Dioi
944 3098 1032 3160 lauti
1048 3101 1160 3177 aedon,
1173 3115 1247 3175 quae
1265 3097 1385 3174 Cappcii
1390 3101 1480 3175 jussu
1503 3093 1545 3153 ad
1557 3094 1591 3152 id
1598 3110 1657 3170 pa·

432 3190 508 3252 lebat
529 3236 538 3269 ‚
558 3188 731 3265 festinames
760 3192 941 3272 oonfupiunt.
970 3191 1017 3252 Ibi
1041 3192 1168 3269 Hisparsi
1187 3207 1291 3268 appere
1314 3185 1441 3267 disjecto
1466 3189 1595 3264 midique
1616 3195 1663 3249 in·

432 3291 539 3362 eruunt
550 3305 563 3356 ,·
586 3289 613 3346 et
640 3287 710 3347 dum
731 3287 852 3349 occlusis
874 3287 941 3348 Diui
962 3287 1118 3360 Laurentii
1138 3286 1280 3349 insultant
1304 3283 1422 3361 valois,
1447 3282 1658 3362 Gambaenrrta,

438 3381 582 3460 Capper'us
606 3386 632 3441 et
660 3380 786 3444 Tiberius
804 3381 969 3458 Carafaeus
993 3384 1030 3443 de
1043 3383 1182 3460 impluvio
1206 3381 1336 3442 coenobii
1362 3385 1393 3439 in
1413 3383 1543 3456 posticas
1570 3383 1660 3444 aedes

433 3473 564 3551 disjecti,
574 3490 632 3550 ρον
646 3475 848 3538 librariorum
861 3479 952 3554 niam,
968 3494 1043 3553 qnae
1056 3493 1116 3536 uno
1125 3474 1216 3552 fupae
1224 3475 1344 3553 patebat
1358 3518 1367 3553 ,
1392 3480 1506 3554 opimae
1530 3480 1656 3554 tripinta

333 3557 336 3564 ’
434 3566 497 3644 fere
510 3562 659 3631 laurinum
673 3569 908 3646 factofupiunt.
933 3570 1235 3651 Ouopuctobtatilio,
1258 3571 1424 3633 Telesiaeet
1444 3569 1652 3633 Castellueeioe

438 3666 527 3725 duces
540 3667 665 3727 uictores
679 3664 865 3741 fefellerint,
886 3665 1027 3730 ltactenus
1040 3685 1099 3728 nan
1122 3671 1197 3727 satis
1217 3669 1339 3726 emutat.
1361 3665 1492 3728 Tandem
1515 3664 1602 3742 faeta
1615 3672 1649 3725 in

432 3758 532 3817 mdem
547 3774 664 3818 sacram
676 3761 841 3835 irruptione
855 3801 864 3835 ,
883 3761 1013 3840 undique
1025 3766 1053 3820 et
1061 3778 1118 3838 per
1141 3759 1342 3838 sepulcrorum
1364 3758 1493 3821 latebras
1506 3761 1656 3834 eonqmsi·

436 3858 509 3922 turn,
524 3854 612 3914 caede
627 3848 743 3932 (rarum
756 3857 788 3913 in
800 3858 925 3915 victorio
934 3851 952 3936 )
967 3861 1167 3934 temperatum,
1183 3859 1225 3918 od
1237 3860 1351 3917 centum
1364 3852 1429 3931 fere
1440 3870 1537 3914 mnrues
1563 3853 1657 3927 capti,

436 3951 469 4007 in
482 3949 586 4020 ouibus
602 3951 747 4027 Sanprius
758 3949 855 4010 morbo
866 3953 1044 4029 impeditus,
1065 3956 1154 4031 cujus
1178 3956 1322 4032 ropanlis,
1337 3953 1370 4009 ut
1382 3952 1517 4024 captores
1536 3943 1595 4005 sibi
1606 3965 1657 4008 ne-

436 4056 495 4100 cem
514 4041 681 4120 inferrent,
700 4049 837 4107 irrisorum
858 4048 1039 4109 desiderium
1057 4054 1259 4127 aspernatum.
1285 4047 1366 4110 Hine
1379 4051 1500 4127 justum
1527 4047 1608 4103 turri
1627 4045 1657 4100 el

434 4136 569 4194 coenobio
579 4138 764 4212 praesidium
785 4140 929 4200 relictum.
948 4140 1026 4219 Ejus
1046 4147 1091 4202 rei
1116 4140 1246 4218 feliciter
1258 4143 1357 4217 postne
1379 4138 1464 4213 fama
1486 4154 1541 4214 per
1556 4134 1657 4194 urbem

434 4230 590 4308 dioulpato
602 4239 683 4310 qnod
695 4234 799 4312 meique
812 4254 931 4300 suarum
944 4254 1042 4298 rerum
1055 4243 1151 4302 certus
1160 4258 1231 4301 usus
1243 4236 1377 4314 fecerat,
1399 4240 1510 4314 pacato
1522 4235 1654 4306 ciuitate,

433 4317 590 4395 fastidium
603 4343 636 4386 eo
646 4325 816 4388 discrimine
830 4334 863 4389 in
872 4329 1062 4392 solicitudine
1072 4322 1289 4407 commutatum,
1303 4332 1396 4407 porta
1410 4334 1544 4405 victoria,
1558 4332 1592 4386 in
1604 4343 1657 4386 oo-

435 4414 577 4494 luptatern
588 4421 677 4495 abiit.
694 4423 742 4484 Ibi
753 4425 822 4486 urbs
834 4426 979 4506 pulcrior,
994 4426 1105 4489 beatior
1120 4432 1244 4500 eioilas;
1270 4432 1354 4506 isque
1379 4424 1443 4484 dlii
1457 4423 1567 4485 natalis
1578 4422 1657 4498 filib

433 4527 499 4568 rura
509 4513 703 4591 parentibus,
727 4520 873 4595 nuptialis
894 4522 1070 4599 confupibus
1092 4529 1172 4583 visus
1186 4528 1239 4585 est.
1256 4525 1374 4584 Proree
1399 4535 1535 4578 reversos
1550 4523 1654 4593 copias

435 4599 555 4679 beriipne
568 4612 708 4684 exceptos
716 4627 776 4687 pro
790 4619 923 4673 concione
938 4612 1082 4675 laudauit.
1095 4614 1256 4676 laueorurn
1277 4616 1463 4673 temeritatem
1473 4611 1509 4670 ab
1523 4620 1654 4671 omnium

433 4693 524 4768 ferrae
539 4699 802 4778 Neapolitanorum
813 4709 918 4767 virtute
928 4712 1099 4788 obstipatum
1109 4714 1137 4771 et
1150 4715 1234 4788 repul
1244 4708 1397 4785 fortunam
1412 4705 1447 4764 id
1469 4704 1555 4764 dubii
1575 4704 1654 4785 objc-
