<?xml version="1.0" encoding="UTF-8"?>
<!DOCTYPE html PUBLIC "-//W3C//DTD XHTML 1.0 Transitional//EN"
    "http://www.w3.org/TR/xhtml1/DTD/xhtml1-transitional.dtd">
<html xmlns="http://www.w3.org/1999/xhtml" xml:lang="en" lang="en">
 <head>
  <title>
</title>
<meta http-equiv="Content-Type" content="text/html;charset=utf-8" />
  <meta name='ocr-system' content='tesseract 3.04.00' />
  <meta name='ocr-capabilities' content='ocr_page ocr_carea ocr_par ocr_line ocrx_word'/>
</head>
<body>
  <div class='ocr_page' id='page_1' title='image "./operedigiambatt01ferrgoog_0116.png"; bbox 0 0 3942 5592; ppageno 0'>
   <div class='ocr_carea' id='block_1_1' title="bbox 1461 485 1517 546">
    <p class='ocr_par' dir='ltr' id='par_1_1' title="bbox 1461 485 1517 546">
     <span class='ocr_line' id='line_1_1' title="bbox 1461 485 1517 546; baseline 0.036 -2"><span class='ocrx_word' id='word_1_1' title='bbox 1461 485 1517 546; x_wconf 84' lang='lat' dir='ltr'><strong>tut</strong></span> 
     </span>
    </p>
   </div>
   <div class='ocr_carea' id='block_1_2' title="bbox 331 587 1604 4395">
    <p class='ocr_par' dir='ltr' id='par_1_2' title="bbox 331 587 1604 4395">
     <span class='ocr_line' id='line_1_2' title="bbox 339 587 1561 679; baseline -0.01 -15"><span class='ocrx_word' id='word_1_2' title='bbox 339 607 439 679; x_wconf 81' lang='lat' dir='ltr'><strong>ratae,</strong></span> <span class='ocrx_word' id='word_1_3' title='bbox 455 598 535 660; x_wconf 88' lang='lat' dir='ltr'><strong>sitae</strong></span> <span class='ocrx_word' id='word_1_4' title='bbox 551 600 635 671; x_wconf 90' lang='lat' dir='ltr'><strong>sunt,</strong></span> <span class='ocrx_word' id='word_1_5' title='bbox 651 597 795 671; x_wconf 82' lang='lat' dir='ltr'><strong>quantum</strong></span> <span class='ocrx_word' id='word_1_6' title='bbox 820 591 908 653; x_wconf 89' lang='lat' dir='ltr'><strong>animi</strong></span> <span class='ocrx_word' id='word_1_7' title='bbox 923 593 1052 654; x_wconf 83' lang='lat' dir='ltr'><strong>virtutes</strong></span> <span class='ocrx_word' id='word_1_8' title='bbox 1064 592 1212 654; x_wconf 73' lang='lat' dir='ltr'><strong>Fortunae</strong></span> <span class='ocrx_word' id='word_1_9' title='bbox 1227 605 1263 652; x_wconf 87' lang='lat' dir='ltr'><strong>ac</strong></span> <span class='ocrx_word' id='word_1_10' title='bbox 1275 587 1404 650; x_wconf 88' lang='lat' dir='ltr'><strong>Naturae</strong></span> <span class='ocrx_word' id='word_1_11' title='bbox 1417 591 1493 652; x_wconf 89' lang='lat' dir='ltr'><strong>bona</strong></span> <span class='ocrx_word' id='word_1_12' title='bbox 1507 594 1561 652; x_wconf 92' lang='lat' dir='ltr'><strong>bo·</strong></span> 
     </span>
     <span class='ocr_line' id='line_1_3' title="bbox 339 689 1560 774; baseline -0.008 -14"><span class='ocrx_word' id='word_1_13' title='bbox 339 717 412 760; x_wconf 89' lang='lat' dir='ltr'><strong>nore</strong></span> <span class='ocrx_word' id='word_1_14' title='bbox 438 716 475 760; x_wconf 91' lang='lat' dir='ltr'><strong>ac</strong></span> <span class='ocrx_word' id='word_1_15' title='bbox 498 695 647 774; x_wconf 86' lang='lat' dir='ltr'><strong>dignitate</strong></span> <span class='ocrx_word' id='word_1_16' title='bbox 672 692 868 771; x_wconf 87' lang='lat' dir='ltr'><strong>praecellunt,</strong></span> <span class='ocrx_word' id='word_1_17' title='bbox 886 693 1077 753; x_wconf 78' lang='lat' dir='ltr'>accedamus.</span> <span class='ocrx_word' id='word_1_18' title='bbox 1093 689 1133 750; x_wconf 79' lang='lat' dir='ltr'><strong>m</strong></span> <span class='ocrx_word' id='word_1_19' title='bbox 1157 690 1206 749; x_wconf 90' lang='lat' dir='ltr'><strong>bic</strong></span> <span class='ocrx_word' id='word_1_20' title='bbox 1221 689 1311 749; x_wconf 90' lang='lat' dir='ltr'><strong>nolite</strong></span> <span class='ocrx_word' id='word_1_21' title='bbox 1337 694 1560 768; x_wconf 75' lang='lat' dir='ltr'><strong>expectat-eme</strong></span> 
     </span>
     <span class='ocr_line' id='line_1_4' title="bbox 333 784 1556 874; baseline -0.009 -18"><span class='ocrx_word' id='word_1_22' title='bbox 333 793 457 874; x_wconf 81' lang='lat' dir='ltr'><strong>singula</strong></span> <span class='ocrx_word' id='word_1_23' title='bbox 472 794 544 870; x_wconf 90' lang='lat' dir='ltr'><strong>ejus</strong></span> <span class='ocrx_word' id='word_1_24' title='bbox 560 790 656 851; x_wconf 85' lang='lat' dir='ltr'><strong>ollieia</strong></span> <span class='ocrx_word' id='word_1_25' title='bbox 670 807 687 849; x_wconf 85' lang='lat' dir='ltr'><strong>a</strong></span> <span class='ocrx_word' id='word_1_26' title='bbox 701 788 866 850; x_wconf 78' lang='lat' dir='ltr'><strong>virtutibus</strong></span> <span class='ocrx_word' id='word_1_27' title='bbox 880 786 1013 847; x_wconf 83' lang='lat' dir='ltr'><strong>derivata</strong></span> <span class='ocrx_word' id='word_1_28' title='bbox 1031 788 1058 847; x_wconf 93' lang='lat' dir='ltr'><strong>in</strong></span> <span class='ocrx_word' id='word_1_29' title='bbox 1069 803 1162 846; x_wconf 91' lang='lat' dir='ltr'><strong>unum</strong></span> <span class='ocrx_word' id='word_1_30' title='bbox 1180 784 1271 845; x_wconf 79' lang='lat' dir='ltr'><strong>veluti</strong></span> <span class='ocrx_word' id='word_1_31' title='bbox 1286 785 1383 847; x_wconf 89' lang='lat' dir='ltr'><strong>sinum</strong></span> <span class='ocrx_word' id='word_1_32' title='bbox 1397 786 1556 863; x_wconf 79' lang='lat' dir='ltr'>colligere:</span> 
     </span>
     <span class='ocr_line' id='line_1_5' title="bbox 331 882 1561 967; baseline -0.011 -11"><span class='ocrx_word' id='word_1_33' title='bbox 331 893 451 956; x_wconf 87' lang='lat' dir='ltr'><strong>etenim</strong></span> <span class='ocrx_word' id='word_1_34' title='bbox 473 893 503 952; x_wconf 91' lang='lat' dir='ltr'><strong>in</strong></span> <span class='ocrx_word' id='word_1_35' title='bbox 529 892 565 950; x_wconf 90' lang='lat' dir='ltr'><strong>iis</strong></span> <span class='ocrx_word' id='word_1_36' title='bbox 582 893 721 967; x_wconf 80' lang='lat' dir='ltr'><strong>haereret</strong></span> <span class='ocrx_word' id='word_1_37' title='bbox 746 887 862 963; x_wconf 72' lang='lat' dir='ltr'><strong>oratio,</strong></span> <span class='ocrx_word' id='word_1_38' title='bbox 880 887 919 945; x_wconf 89' lang='lat' dir='ltr'><strong>ita</strong></span> <span class='ocrx_word' id='word_1_39' title='bbox 936 887 1033 945; x_wconf 89' lang='lat' dir='ltr'><strong>multa</strong></span> <span class='ocrx_word' id='word_1_40' title='bbox 1047 890 1130 957; x_wconf 89' lang='lat' dir='ltr'><strong>sunt,</strong></span> <span class='ocrx_word' id='word_1_41' title='bbox 1146 888 1179 944; x_wconf 92' lang='lat' dir='ltr'><strong>et</strong></span> <span class='ocrx_word' id='word_1_42' title='bbox 1203 899 1321 960; x_wconf 84' lang='lat' dir='ltr'><strong>magna,</strong></span> <span class='ocrx_word' id='word_1_43' title='bbox 1335 888 1368 942; x_wconf 93' lang='lat' dir='ltr'><strong>ut</strong></span> <span class='ocrx_word' id='word_1_44' title='bbox 1394 900 1442 942; x_wconf 92' lang='lat' dir='ltr'><strong>me</strong></span> <span class='ocrx_word' id='word_1_45' title='bbox 1459 882 1561 960; x_wconf 84' lang='lat' dir='ltr'><strong>potius</strong></span> 
     </span>
     <span class='ocr_line' id='line_1_6' title="bbox 332 981 1562 1065; baseline -0.006 -14"><span class='ocrx_word' id='word_1_46' title='bbox 332 992 411 1065; x_wconf 87' lang='lat' dir='ltr'><strong>dies,</strong></span> <span class='ocrx_word' id='word_1_47' title='bbox 433 1005 505 1058; x_wconf 79' lang='lat' dir='ltr'><strong>uox,</strong></span> <span class='ocrx_word' id='word_1_48' title='bbox 532 990 640 1062; x_wconf 87' lang='lat' dir='ltr'><strong>latera,</strong></span> <span class='ocrx_word' id='word_1_49' title='bbox 655 1004 745 1064; x_wconf 86' lang='lat' dir='ltr'><strong>quam</strong></span> <span class='ocrx_word' id='word_1_50' title='bbox 770 1003 868 1046; x_wconf 91' lang='lat' dir='ltr'><strong>rerum</strong></span> <span class='ocrx_word' id='word_1_51' title='bbox 883 988 1060 1063; x_wconf 86' lang='lat' dir='ltr'><strong>argumenta</strong></span> <span class='ocrx_word' id='word_1_52' title='bbox 1088 981 1266 1043; x_wconf 90' lang='lat' dir='ltr'><strong>delicerent.</strong></span> <span class='ocrx_word' id='word_1_53' title='bbox 1282 981 1503 1058; x_wconf 72' lang='lat' dir='ltr'><strong>Verumtamen,</strong></span> <span class='ocrx_word' id='word_1_54' title='bbox 1525 989 1562 1046; x_wconf 89' lang='lat' dir='ltr'><strong>ut</strong></span> 
     </span>
     <span class='ocr_line' id='line_1_7' title="bbox 334 1073 1559 1162; baseline -0.005 -18"><span class='ocrx_word' id='word_1_55' title='bbox 334 1084 436 1144; x_wconf 90' lang='lat' dir='ltr'><strong>omnia</strong></span> <span class='ocrx_word' id='word_1_56' title='bbox 448 1081 586 1162; x_wconf 84' lang='lat' dir='ltr'><strong>ejusdem</strong></span> <span class='ocrx_word' id='word_1_57' title='bbox 598 1079 833 1159; x_wconf 89' lang='lat' dir='ltr'><strong>praeclarissima</strong></span> <span class='ocrx_word' id='word_1_58' title='bbox 853 1077 981 1138; x_wconf 84' lang='lat' dir='ltr'><strong>lucinum</strong></span> <span class='ocrx_word' id='word_1_59' title='bbox 993 1075 1074 1136; x_wconf 83' lang='lat' dir='ltr'><strong>brevi</strong></span> <span class='ocrx_word' id='word_1_60' title='bbox 1086 1073 1348 1152; x_wconf 85' lang='lat' dir='ltr'><strong>comprehendam,</strong></span> <span class='ocrx_word' id='word_1_61' title='bbox 1360 1076 1462 1135; x_wconf 69' lang='lat' dir='ltr'><strong>lanciam</strong></span> <span class='ocrx_word' id='word_1_62' title='bbox 1478 1078 1559 1152; x_wconf 84' lang='lat' dir='ltr'><strong>quod</strong></span> 
     </span>
     <span class='ocr_line' id='line_1_8' title="bbox 336 1174 1561 1256; baseline -0.004 -15"><span class='ocrx_word' id='word_1_63' title='bbox 336 1182 452 1254; x_wconf 81' lang='lat' dir='ltr'><strong>solent,</strong></span> <span class='ocrx_word' id='word_1_64' title='bbox 469 1179 522 1256; x_wconf 84' lang='lat' dir='ltr'><strong>qni</strong></span> <span class='ocrx_word' id='word_1_65' title='bbox 539 1178 634 1239; x_wconf 89' lang='lat' dir='ltr'><strong>totius</strong></span> <span class='ocrx_word' id='word_1_66' title='bbox 646 1177 731 1252; x_wconf 89' lang='lat' dir='ltr'><strong>caeli,</strong></span> <span class='ocrx_word' id='word_1_67' title='bbox 745 1176 828 1249; x_wconf 84' lang='lat' dir='ltr'><strong>solis,</strong></span> <span class='ocrx_word' id='word_1_68' title='bbox 842 1176 1003 1252; x_wconf 86' lang='lat' dir='ltr'><strong>lunaeque,</strong></span> <span class='ocrx_word' id='word_1_69' title='bbox 1016 1191 1155 1233; x_wconf 85' lang='lat' dir='ltr'><strong>erronum</strong></span> <span class='ocrx_word' id='word_1_70' title='bbox 1168 1188 1202 1232; x_wconf 88' lang='lat' dir='ltr'><strong>ac</strong></span> <span class='ocrx_word' id='word_1_71' title='bbox 1216 1174 1414 1233; x_wconf 89' lang='lat' dir='ltr'><strong>inerrantium</strong></span> <span class='ocrx_word' id='word_1_72' title='bbox 1428 1175 1561 1237; x_wconf 89' lang='lat' dir='ltr'><strong>siderum</strong></span> 
     </span>
     <span class='ocr_line' id='line_1_9' title="bbox 334 1267 1561 1354; baseline -0.004 -17"><span class='ocrx_word' id='word_1_73' title='bbox 334 1279 482 1354; x_wconf 86' lang='lat' dir='ltr'><strong>aspectus</strong></span> <span class='ocrx_word' id='word_1_74' title='bbox 498 1277 525 1335; x_wconf 94' lang='lat' dir='ltr'><strong>in</strong></span> <span class='ocrx_word' id='word_1_75' title='bbox 538 1273 637 1353; x_wconf 83' lang='lat' dir='ltr'><strong>parnis</strong></span> <span class='ocrx_word' id='word_1_76' title='bbox 648 1272 745 1351; x_wconf 86' lang='lat' dir='ltr'><strong>globis</strong></span> <span class='ocrx_word' id='word_1_77' title='bbox 756 1273 870 1332; x_wconf 85' lang='lat' dir='ltr'><strong>elllctos</strong></span> <span class='ocrx_word' id='word_1_78' title='bbox 881 1271 1077 1332; x_wconf 89' lang='lat' dir='ltr'><strong>concludunt:</strong></span> <span class='ocrx_word' id='word_1_79' title='bbox 1096 1270 1124 1329; x_wconf 91' lang='lat' dir='ltr'><strong>in</strong></span> <span class='ocrx_word' id='word_1_80' title='bbox 1137 1267 1219 1330; x_wconf 84' lang='lat' dir='ltr'><strong>brevi</strong></span> <span class='ocrx_word' id='word_1_81' title='bbox 1233 1269 1390 1328; x_wconf 78' lang='lat' dir='ltr'><strong>uerborum</strong></span> <span class='ocrx_word' id='word_1_82' title='bbox 1402 1286 1476 1348; x_wconf 85' lang='lat' dir='ltr'><strong>gyro</strong></span> <span class='ocrx_word' id='word_1_83' title='bbox 1487 1289 1561 1332; x_wconf 88' lang='lat' dir='ltr'><strong>cun·</strong></span> 
     </span>
     <span class='ocr_line' id='line_1_10' title="bbox 338 1365 1560 1448; baseline -0.005 -15"><span class='ocrx_word' id='word_1_84' title='bbox 338 1376 407 1433; x_wconf 88' lang='lat' dir='ltr'><strong>ctas</strong></span> <span class='ocrx_word' id='word_1_85' title='bbox 431 1371 566 1448; x_wconf 89' lang='lat' dir='ltr'><strong>ipsarum</strong></span> <span class='ocrx_word' id='word_1_86' title='bbox 583 1372 728 1432; x_wconf 78' lang='lat' dir='ltr'><strong>uirtutum</strong></span> <span class='ocrx_word' id='word_1_87' title='bbox 754 1368 911 1447; x_wconf 79' lang='lat' dir='ltr'><strong>imagines,</strong></span> <span class='ocrx_word' id='word_1_88' title='bbox 927 1385 1016 1445; x_wconf 81' lang='lat' dir='ltr'><strong>uuam</strong></span> <span class='ocrx_word' id='word_1_89' title='bbox 1039 1366 1254 1444; x_wconf 85' lang='lat' dir='ltr'><strong>simplicissime</strong></span> <span class='ocrx_word' id='word_1_90' title='bbox 1279 1365 1405 1427; x_wconf 83' lang='lat' dir='ltr'><strong>describi</strong></span> <span class='ocrx_word' id='word_1_91' title='bbox 1422 1371 1560 1444; x_wconf 82' lang='lat' dir='ltr'><strong>possunt,</strong></span> 
     </span>
     <span class='ocr_line' id='line_1_11' title="bbox 336 1457 1558 1542; baseline -0.004 -20"><span class='ocrx_word' id='word_1_92' title='bbox 336 1462 518 1542; x_wconf 88' lang='lat' dir='ltr'><strong>amplectar.</strong></span> <span class='ocrx_word' id='word_1_93' title='bbox 534 1461 591 1522; x_wconf 86' lang='lat' dir='ltr'><strong>Sed</strong></span> <span class='ocrx_word' id='word_1_94' title='bbox 603 1479 693 1538; x_wconf 87' lang='lat' dir='ltr'><strong>quam</strong></span> <span class='ocrx_word' id='word_1_95' title='bbox 708 1477 764 1541; x_wconf 89' lang='lat' dir='ltr'><strong>ego</strong></span> <span class='ocrx_word' id='word_1_96' title='bbox 778 1461 967 1538; x_wconf 85' lang='lat' dir='ltr'><strong>sponsionem</strong></span> <span class='ocrx_word' id='word_1_97' title='bbox 983 1457 1156 1536; x_wconf 83' lang='lat' dir='ltr'><strong>imprudens</strong></span> <span class='ocrx_word' id='word_1_98' title='bbox 1171 1457 1223 1517; x_wconf 89' lang='lat' dir='ltr'><strong>leci</strong></span> <span class='ocrx_word' id='word_1_99' title='bbox 1238 1460 1246 1517; x_wconf 85' lang='lat' dir='ltr'><strong>t</strong></span> <span class='ocrx_word' id='word_1_100' title='bbox 1262 1458 1353 1529; x_wconf 84' lang='lat' dir='ltr'><strong>Quasi</strong></span> <span class='ocrx_word' id='word_1_101' title='bbox 1367 1474 1438 1517; x_wconf 78' lang='lat' dir='ltr'><strong>sero</strong></span> <span class='ocrx_word' id='word_1_102' title='bbox 1450 1459 1558 1518; x_wconf 84' lang='lat' dir='ltr'><strong>Galba·</strong></span> 
     </span>
     <span class='ocr_line' id='line_1_12' title="bbox 336 1555 1563 1638; baseline -0.002 -20"><span class='ocrx_word' id='word_1_103' title='bbox 336 1562 423 1620; x_wconf 87' lang='lat' dir='ltr'><strong>rinae</strong></span> <span class='ocrx_word' id='word_1_104' title='bbox 439 1558 607 1638; x_wconf 79' lang='lat' dir='ltr'><strong>bragouiae</strong></span> <span class='ocrx_word' id='word_1_105' title='bbox 623 1561 752 1621; x_wconf 80' lang='lat' dir='ltr'><strong>uirtutes</strong></span> <span class='ocrx_word' id='word_1_106' title='bbox 763 1559 910 1638; x_wconf 84' lang='lat' dir='ltr'><strong>ejusmodi</strong></span> <span class='ocrx_word' id='word_1_107' title='bbox 925 1558 998 1628; x_wconf 92' lang='lat' dir='ltr'><strong>sint,</strong></span> <span class='ocrx_word' id='word_1_108' title='bbox 1014 1561 1049 1616; x_wconf 92' lang='lat' dir='ltr'><strong>ut</strong></span> <span class='ocrx_word' id='word_1_109' title='bbox 1065 1557 1181 1615; x_wconf 90' lang='lat' dir='ltr'><strong>illarum</strong></span> <span class='ocrx_word' id='word_1_110' title='bbox 1193 1556 1308 1633; x_wconf 87' lang='lat' dir='ltr'><strong>effigies</strong></span> <span class='ocrx_word' id='word_1_111' title='bbox 1322 1557 1440 1633; x_wconf 87' lang='lat' dir='ltr'><strong>pictura</strong></span> <span class='ocrx_word' id='word_1_112' title='bbox 1457 1555 1563 1616; x_wconf 83' lang='lat' dir='ltr'><strong>verbo·</strong></span> 
     </span>
     <span class='ocr_line' id='line_1_13' title="bbox 339 1650 1559 1730; baseline -0.002 -16"><span class='ocrx_word' id='word_1_113' title='bbox 339 1669 408 1714; x_wconf 90' lang='lat' dir='ltr'><strong>rum</strong></span> <span class='ocrx_word' id='word_1_114' title='bbox 423 1670 459 1714; x_wconf 84' lang='lat' dir='ltr'><strong>ac</strong></span> <span class='ocrx_word' id='word_1_115' title='bbox 472 1654 585 1715; x_wconf 89' lang='lat' dir='ltr'><strong>lumine</strong></span> <span class='ocrx_word' id='word_1_116' title='bbox 596 1656 813 1715; x_wconf 88' lang='lat' dir='ltr'><strong>sententiarum</strong></span> <span class='ocrx_word' id='word_1_117' title='bbox 826 1653 953 1730; x_wconf 71' lang='lat' dir='ltr'><strong>exprimi</strong></span> <span class='ocrx_word' id='word_1_118' title='bbox 967 1653 1029 1713; x_wconf 94' lang='lat' dir='ltr'><strong>ullo</strong></span> <span class='ocrx_word' id='word_1_119' title='bbox 1040 1650 1128 1712; x_wconf 90' lang='lat' dir='ltr'><strong>modo</strong></span> <span class='ocrx_word' id='word_1_120' title='bbox 1139 1650 1268 1729; x_wconf 86' lang='lat' dir='ltr'><strong>possint:</strong></span> <span class='ocrx_word' id='word_1_121' title='bbox 1283 1667 1351 1710; x_wconf 89' lang='lat' dir='ltr'><strong>eum</strong></span> <span class='ocrx_word' id='word_1_122' title='bbox 1363 1652 1464 1726; x_wconf 89' lang='lat' dir='ltr'><strong>potius</strong></span> <span class='ocrx_word' id='word_1_123' title='bbox 1479 1656 1559 1712; x_wconf 88' lang='lat' dir='ltr'><strong>tauta</strong></span> 
     </span>
     <span class='ocr_line' id='line_1_14' title="bbox 339 1744 1558 1827; baseline -0.001 -21"><span class='ocrx_word' id='word_1_124' title='bbox 339 1751 502 1827; x_wconf 73' lang='lat' dir='ltr'><strong>praestent</strong></span> <span class='ocrx_word' id='word_1_125' title='bbox 517 1748 747 1822; x_wconf 62' lang='lat' dir='ltr'><strong>excelsitatem</strong></span> <span class='ocrx_word' id='word_1_126' title='bbox 759 1746 1012 1822; x_wconf 79' lang='lat' dir='ltr'><strong>quemadmodum</strong></span> <span class='ocrx_word' id='word_1_127' title='bbox 1024 1744 1183 1805; x_wconf 87' lang='lat' dir='ltr'><strong>humanam</strong></span> <span class='ocrx_word' id='word_1_128' title='bbox 1197 1747 1332 1804; x_wconf 90' lang='lat' dir='ltr'><strong>naturam</strong></span> <span class='ocrx_word' id='word_1_129' title='bbox 1346 1749 1501 1819; x_wconf 87' lang='lat' dir='ltr'><strong>superant,</strong></span> <span class='ocrx_word' id='word_1_130' title='bbox 1517 1746 1558 1805; x_wconf 92' lang='lat' dir='ltr'><strong>ita</strong></span> 
     </span>
     <span class='ocr_line' id='line_1_15' title="bbox 336 1836 1560 1918; baseline 0 -20"><span class='ocrx_word' id='word_1_131' title='bbox 336 1850 471 1918; x_wconf 56' lang='lat' dir='ltr'><strong>omnem,</strong></span> <span class='ocrx_word' id='word_1_132' title='bbox 483 1842 648 1902; x_wconf 85' lang='lat' dir='ltr'><strong>homanum</strong></span> <span class='ocrx_word' id='word_1_133' title='bbox 662 1845 784 1918; x_wconf 87' lang='lat' dir='ltr'><strong>captum</strong></span> <span class='ocrx_word' id='word_1_134' title='bbox 811 1839 974 1900; x_wconf 81' lang='lat' dir='ltr'><strong>excedant.</strong></span> <span class='ocrx_word' id='word_1_135' title='bbox 991 1837 1077 1912; x_wconf 89' lang='lat' dir='ltr'><strong>Nam,</strong></span> <span class='ocrx_word' id='word_1_136' title='bbox 1093 1841 1126 1896; x_wconf 90' lang='lat' dir='ltr'><strong>ut</strong></span> <span class='ocrx_word' id='word_1_137' title='bbox 1150 1837 1188 1896; x_wconf 90' lang='lat' dir='ltr'><strong>ab</strong></span> <span class='ocrx_word' id='word_1_138' title='bbox 1208 1837 1269 1911; x_wconf 87' lang='lat' dir='ltr'><strong>illa,</strong></span> <span class='ocrx_word' id='word_1_139' title='bbox 1286 1853 1363 1912; x_wconf 87' lang='lat' dir='ltr'><strong>quae</strong></span> <span class='ocrx_word' id='word_1_140' title='bbox 1389 1836 1560 1898; x_wconf 80' lang='lat' dir='ltr'><strong>litterarum</strong></span> 
     </span>
     <span class='ocr_line' id='line_1_16' title="bbox 334 1929 1565 2009; baseline 0.001 -16"><span class='ocrx_word' id='word_1_141' title='bbox 334 1931 399 1993; x_wconf 89' lang='lat' dir='ltr'><strong>dux</strong></span> <span class='ocrx_word' id='word_1_142' title='bbox 424 1933 486 2006; x_wconf 85' lang='lat' dir='ltr'><strong>est,</strong></span> <span class='ocrx_word' id='word_1_143' title='bbox 501 1932 705 2005; x_wconf 85' lang='lat' dir='ltr'><strong>exordiamur,</strong></span> <span class='ocrx_word' id='word_1_144' title='bbox 723 1933 748 1991; x_wconf 91' lang='lat' dir='ltr'><strong>si</strong></span> <span class='ocrx_word' id='word_1_145' title='bbox 763 1935 891 1993; x_wconf 86' lang='lat' dir='ltr'><strong>bumana</strong></span> <span class='ocrx_word' id='word_1_146' title='bbox 909 1929 1069 2009; x_wconf 89' lang='lat' dir='ltr'><strong>prudentia</strong></span> <span class='ocrx_word' id='word_1_147' title='bbox 1083 1945 1200 1989; x_wconf 84' lang='lat' dir='ltr'><strong>summa</strong></span> <span class='ocrx_word' id='word_1_148' title='bbox 1214 1945 1281 1989; x_wconf 90' lang='lat' dir='ltr'><strong>esse</strong></span> <span class='ocrx_word' id='word_1_149' title='bbox 1302 1932 1412 1992; x_wconf 89' lang='lat' dir='ltr'><strong>dicitur</strong></span> <span class='ocrx_word' id='word_1_150' title='bbox 1425 1938 1456 1992; x_wconf 90' lang='lat' dir='ltr'><strong>el</strong></span> <span class='ocrx_word' id='word_1_151' title='bbox 1471 1930 1565 1994; x_wconf 85' lang='lat' dir='ltr'><strong>habr-</strong></span> 
     </span>
     <span class='ocr_line' id='line_1_17' title="bbox 335 2023 1561 2103; baseline 0.002 -19"><span class='ocrx_word' id='word_1_152' title='bbox 335 2030 400 2103; x_wconf 87' lang='lat' dir='ltr'><strong>tur,</strong></span> <span class='ocrx_word' id='word_1_153' title='bbox 412 2040 498 2100; x_wconf 87' lang='lat' dir='ltr'><strong>quae</strong></span> <span class='ocrx_word' id='word_1_154' title='bbox 515 2026 613 2086; x_wconf 85' lang='lat' dir='ltr'><strong>aciem</strong></span> <span class='ocrx_word' id='word_1_155' title='bbox 635 2027 745 2086; x_wconf 89' lang='lat' dir='ltr'><strong>mentis</strong></span> <span class='ocrx_word' id='word_1_156' title='bbox 760 2027 852 2102; x_wconf 88' lang='lat' dir='ltr'><strong>acuit,</strong></span> <span class='ocrx_word' id='word_1_157' title='bbox 870 2029 905 2086; x_wconf 92' lang='lat' dir='ltr'><strong>ul</strong></span> <span class='ocrx_word' id='word_1_158' title='bbox 929 2042 976 2084; x_wconf 91' lang='lat' dir='ltr'><strong>res</strong></span> <span class='ocrx_word' id='word_1_159' title='bbox 994 2023 1110 2084; x_wconf 86' lang='lat' dir='ltr'><strong>laturas</strong></span> <span class='ocrx_word' id='word_1_160' title='bbox 1132 2023 1299 2099; x_wconf 81' lang='lat' dir='ltr'><strong>provideat,</strong></span> <span class='ocrx_word' id='word_1_161' title='bbox 1315 2025 1409 2086; x_wconf 91' lang='lat' dir='ltr'><strong>bonas</strong></span> <span class='ocrx_word' id='word_1_162' title='bbox 1432 2029 1561 2088; x_wconf 87' lang='lat' dir='ltr'><strong>interae</strong></span> 
     </span>
     <span class='ocr_line' id='line_1_18' title="bbox 336 2117 1561 2200; baseline 0.002 -18"><span class='ocrx_word' id='word_1_163' title='bbox 336 2123 440 2182; x_wconf 86' lang='lat' dir='ltr'><strong>nratas</strong></span> <span class='ocrx_word' id='word_1_164' title='bbox 452 2121 604 2182; x_wconf 88' lang='lat' dir='ltr'><strong>delectum</strong></span> <span class='ocrx_word' id='word_1_165' title='bbox 631 2124 754 2196; x_wconf 86' lang='lat' dir='ltr'><strong>babeat,</strong></span> <span class='ocrx_word' id='word_1_166' title='bbox 769 2122 806 2182; x_wconf 89' lang='lat' dir='ltr'><strong>de</strong></span> <span class='ocrx_word' id='word_1_167' title='bbox 822 2125 881 2200; x_wconf 90' lang='lat' dir='ltr'><strong>bis,</strong></span> <span class='ocrx_word' id='word_1_168' title='bbox 898 2137 957 2198; x_wconf 88' lang='lat' dir='ltr'><strong>quo</strong></span> <span class='ocrx_word' id='word_1_169' title='bbox 972 2124 1061 2200; x_wconf 88' lang='lat' dir='ltr'><strong>pacto</strong></span> <span class='ocrx_word' id='word_1_170' title='bbox 1082 2117 1240 2196; x_wconf 77' lang='lat' dir='ltr'><strong>fugiendae</strong></span> <span class='ocrx_word' id='word_1_171' title='bbox 1262 2120 1335 2194; x_wconf 91' lang='lat' dir='ltr'><strong>sint,</strong></span> <span class='ocrx_word' id='word_1_172' title='bbox 1348 2121 1418 2196; x_wconf 90' lang='lat' dir='ltr'><strong>iltis,</strong></span> <span class='ocrx_word' id='word_1_173' title='bbox 1435 2139 1493 2198; x_wconf 69' lang='lat' dir='ltr'><strong>(ruo</strong></span> <span class='ocrx_word' id='word_1_174' title='bbox 1507 2125 1561 2184; x_wconf 90' lang='lat' dir='ltr'><strong>ad·</strong></span> 
     </span>
     <span class='ocr_line' id='line_1_19' title="bbox 338 2216 1560 2296; baseline 0 -16"><span class='ocrx_word' id='word_1_175' title='bbox 338 2217 525 2293; x_wconf 83' lang='lat' dir='ltr'><strong>sequendae,</strong></span> <span class='ocrx_word' id='word_1_176' title='bbox 541 2219 645 2279; x_wconf 91' lang='lat' dir='ltr'><strong>sedulo</strong></span> <span class='ocrx_word' id='word_1_177' title='bbox 658 2222 812 2281; x_wconf 86' lang='lat' dir='ltr'><strong>consolat:</strong></span> <span class='ocrx_word' id='word_1_178' title='bbox 829 2228 930 2296; x_wconf 89' lang='lat' dir='ltr'><strong>atque,</strong></span> <span class='ocrx_word' id='word_1_179' title='bbox 946 2219 1018 2280; x_wconf 91' lang='lat' dir='ltr'><strong>dum</strong></span> <span class='ocrx_word' id='word_1_180' title='bbox 1035 2216 1208 2296; x_wconf 73' lang='lat' dir='ltr'><strong>huiusmodi</strong></span> <span class='ocrx_word' id='word_1_181' title='bbox 1227 2217 1348 2277; x_wconf 86' lang='lat' dir='ltr'><strong>adhibet</strong></span> <span class='ocrx_word' id='word_1_182' title='bbox 1363 2238 1446 2280; x_wconf 92' lang='lat' dir='ltr'><strong>meos</strong></span> <span class='ocrx_word' id='word_1_183' title='bbox 1463 2222 1560 2283; x_wconf 90' lang='lat' dir='ltr'><strong>consi-</strong></span> 
     </span>
     <span class='ocr_line' id='line_1_20' title="bbox 338 2312 1563 2397; baseline 0.007 -25"><span class='ocrx_word' id='word_1_184' title='bbox 338 2315 390 2392; x_wconf 85' lang='lat' dir='ltr'><strong>lia,</strong></span> <span class='ocrx_word' id='word_1_185' title='bbox 406 2312 540 2375; x_wconf 87' lang='lat' dir='ltr'><strong>animum</strong></span> <span class='ocrx_word' id='word_1_186' title='bbox 566 2317 607 2376; x_wconf 88' lang='lat' dir='ltr'><strong>ita</strong></span> <span class='ocrx_word' id='word_1_187' title='bbox 633 2320 713 2396; x_wconf 85' lang='lat' dir='ltr'><strong>regit</strong></span> <span class='ocrx_word' id='word_1_188' title='bbox 728 2322 900 2397; x_wconf 87' lang='lat' dir='ltr'><strong>praeterea,</strong></span> <span class='ocrx_word' id='word_1_189' title='bbox 917 2320 951 2376; x_wconf 90' lang='lat' dir='ltr'><strong>ut</strong></span> <span class='ocrx_word' id='word_1_190' title='bbox 977 2332 1095 2376; x_wconf 84' lang='lat' dir='ltr'><strong>omnem</strong></span> <span class='ocrx_word' id='word_1_191' title='bbox 1111 2315 1244 2392; x_wconf 83' lang='lat' dir='ltr'><strong>expellat</strong></span> <span class='ocrx_word' id='word_1_192' title='bbox 1268 2319 1395 2393; x_wconf 88' lang='lat' dir='ltr'><strong>metum,</strong></span> <span class='ocrx_word' id='word_1_193' title='bbox 1408 2334 1563 2381; x_wconf 79' lang='lat' dir='ltr'><strong>omnemne</strong></span> 
     </span>
     <span class='ocr_line' id='line_1_21' title="bbox 337 2411 1559 2492; baseline 0.003 -21"><span class='ocrx_word' id='word_1_194' title='bbox 337 2411 496 2471; x_wconf 74' lang='lat' dir='ltr'><strong>mutinen</strong></span> <span class='ocrx_word' id='word_1_195' title='bbox 516 2414 727 2490; x_wconf 82' lang='lat' dir='ltr'><strong>cupiditatem,</strong></span> <span class='ocrx_word' id='word_1_196' title='bbox 742 2432 779 2475; x_wconf 91' lang='lat' dir='ltr'><strong>ne</strong></span> <span class='ocrx_word' id='word_1_197' title='bbox 793 2430 881 2476; x_wconf 90' lang='lat' dir='ltr'><strong>caeco</strong></span> <span class='ocrx_word' id='word_1_198' title='bbox 897 2413 985 2492; x_wconf 83' lang='lat' dir='ltr'><strong>nujus</strong></span> <span class='ocrx_word' id='word_1_199' title='bbox 1000 2414 1046 2474; x_wconf 83' lang='lat' dir='ltr'><strong>uel</strong></span> <span class='ocrx_word' id='word_1_200' title='bbox 1060 2414 1139 2472; x_wconf 90' lang='lat' dir='ltr'><strong>illius</strong></span> <span class='ocrx_word' id='word_1_201' title='bbox 1153 2412 1246 2472; x_wconf 91' lang='lat' dir='ltr'><strong>ductu</strong></span> <span class='ocrx_word' id='word_1_202' title='bbox 1264 2413 1292 2472; x_wconf 92' lang='lat' dir='ltr'><strong>in</strong></span> <span class='ocrx_word' id='word_1_203' title='bbox 1304 2431 1424 2473; x_wconf 90' lang='lat' dir='ltr'><strong>errores</strong></span> <span class='ocrx_word' id='word_1_204' title='bbox 1442 2417 1559 2477; x_wconf 88' lang='lat' dir='ltr'><strong>labatur</strong></span> 
     </span>
     <span class='ocr_line' id='line_1_22' title="bbox 341 2505 1561 2590; baseline 0.003 -24"><span class='ocrx_word' id='word_1_205' title='bbox 341 2505 470 2582; x_wconf 66' lang='lat' dir='ltr'><strong>electio,</strong></span> <span class='ocrx_word' id='word_1_206' title='bbox 492 2508 518 2567; x_wconf 89' lang='lat' dir='ltr'><strong>si</strong></span> <span class='ocrx_word' id='word_1_207' title='bbox 533 2509 618 2586; x_wconf 90' lang='lat' dir='ltr'><strong>baec,</strong></span> <span class='ocrx_word' id='word_1_208' title='bbox 636 2510 766 2587; x_wconf 81' lang='lat' dir='ltr'><strong>inquam,</strong></span> <span class='ocrx_word' id='word_1_209' title='bbox 782 2513 909 2572; x_wconf 89' lang='lat' dir='ltr'><strong>bumana</strong></span> <span class='ocrx_word' id='word_1_210' title='bbox 925 2511 1082 2587; x_wconf 88' lang='lat' dir='ltr'><strong>prudentia</strong></span> <span class='ocrx_word' id='word_1_211' title='bbox 1098 2525 1212 2569; x_wconf 86' lang='lat' dir='ltr'><strong>summa</strong></span> <span class='ocrx_word' id='word_1_212' title='bbox 1242 2510 1354 2570; x_wconf 89' lang='lat' dir='ltr'><strong>dicitur</strong></span> <span class='ocrx_word' id='word_1_213' title='bbox 1367 2514 1398 2569; x_wconf 90' lang='lat' dir='ltr'><strong>et</strong></span> <span class='ocrx_word' id='word_1_214' title='bbox 1415 2512 1561 2590; x_wconf 88' lang='lat' dir='ltr'><strong>babetur,</strong></span> 
     </span>
     <span class='ocr_line' id='line_1_23' title="bbox 338 2601 1558 2686; baseline 0.011 -26"><span class='ocrx_word' id='word_1_215' title='bbox 338 2616 472 2677; x_wconf 85' lang='lat' dir='ltr'><strong>quonam</strong></span> <span class='ocrx_word' id='word_1_216' title='bbox 488 2601 564 2681; x_wconf 79' lang='lat' dir='ltr'><strong>ejus,</strong></span> <span class='ocrx_word' id='word_1_217' title='bbox 579 2624 670 2683; x_wconf 72' lang='lat' dir='ltr'><strong>cruam</strong></span> <span class='ocrx_word' id='word_1_218' title='bbox 685 2608 832 2686; x_wconf 87' lang='lat' dir='ltr'><strong>lugemus,</strong></span> <span class='ocrx_word' id='word_1_219' title='bbox 849 2607 1036 2686; x_wconf 87' lang='lat' dir='ltr'><strong>prudentiam</strong></span> <span class='ocrx_word' id='word_1_220' title='bbox 1050 2604 1228 2666; x_wconf 84' lang='lat' dir='ltr'><strong>donabimus</strong></span> <span class='ocrx_word' id='word_1_221' title='bbox 1244 2604 1388 2668; x_wconf 76' lang='lat' dir='ltr'><strong>nomine?</strong></span> <span class='ocrx_word' id='word_1_222' title='bbox 1403 2611 1558 2684; x_wconf 87' lang='lat' dir='ltr'><strong>quodnam</strong></span> 
     </span>
     <span class='ocr_line' id='line_1_24' title="bbox 337 2697 1565 2785; baseline 0.01 -28"><span class='ocrx_word' id='word_1_223' title='bbox 337 2697 378 2758; x_wconf 89' lang='lat' dir='ltr'><strong>de</strong></span> <span class='ocrx_word' id='word_1_224' title='bbox 402 2714 439 2757; x_wconf 89' lang='lat' dir='ltr'><strong>ea</strong></span> <span class='ocrx_word' id='word_1_225' title='bbox 455 2716 655 2779; x_wconf 88' lang='lat' dir='ltr'><strong>proponemus</strong></span> <span class='ocrx_word' id='word_1_226' title='bbox 679 2699 875 2782; x_wconf 77' lang='lat' dir='ltr'><strong>exemplum?</strong></span> <span class='ocrx_word' id='word_1_227' title='bbox 890 2720 967 2779; x_wconf 83' lang='lat' dir='ltr'><strong>quae</strong></span> <span class='ocrx_word' id='word_1_228' title='bbox 985 2703 1104 2764; x_wconf 86' lang='lat' dir='ltr'><strong>tuturus</strong></span> <span class='ocrx_word' id='word_1_229' title='bbox 1130 2720 1179 2785; x_wconf 80' lang='lat' dir='ltr'><strong>res</strong></span> <span class='ocrx_word' id='word_1_230' title='bbox 1204 2703 1296 2763; x_wconf 82' lang='lat' dir='ltr'><strong>veluti</strong></span> <span class='ocrx_word' id='word_1_231' title='bbox 1314 2709 1502 2783; x_wconf 87' lang='lat' dir='ltr'><strong>praesentes,</strong></span> <span class='ocrx_word' id='word_1_232' title='bbox 1529 2723 1565 2769; x_wconf 91' lang='lat' dir='ltr'><strong>ac</strong></span> 
     </span>
     <span class='ocr_line' id='line_1_25' title="bbox 341 2799 1563 2882; baseline 0.009 -26"><span class='ocrx_word' id='word_1_233' title='bbox 341 2799 496 2872; x_wconf 70' lang='lat' dir='ltr'><strong>mumdum</strong></span> <span class='ocrx_word' id='word_1_234' title='bbox 516 2801 612 2861; x_wconf 88' lang='lat' dir='ltr'><strong>oculis</strong></span> <span class='ocrx_word' id='word_1_235' title='bbox 626 2808 777 2877; x_wconf 85' lang='lat' dir='ltr'><strong>cerneret,</strong></span> <span class='ocrx_word' id='word_1_236' title='bbox 796 2803 836 2863; x_wconf 89' lang='lat' dir='ltr'><strong>ita</strong></span> <span class='ocrx_word' id='word_1_237' title='bbox 858 2802 956 2862; x_wconf 90' lang='lat' dir='ltr'><strong>animo</strong></span> <span class='ocrx_word' id='word_1_238' title='bbox 981 2808 1012 2864; x_wconf 91' lang='lat' dir='ltr'><strong>et</strong></span> <span class='ocrx_word' id='word_1_239' title='bbox 1025 2802 1208 2880; x_wconf 85' lang='lat' dir='ltr'><strong>cogitatione</strong></span> <span class='ocrx_word' id='word_1_240' title='bbox 1235 2803 1432 2880; x_wconf 87' lang='lat' dir='ltr'><strong>percipiebat,</strong></span> <span class='ocrx_word' id='word_1_241' title='bbox 1450 2822 1563 2882; x_wconf 86' lang='lat' dir='ltr'><strong>easque</strong></span> 
     </span>
     <span class='ocr_line' id='line_1_26' title="bbox 338 2893 1562 2979; baseline 0.007 -25"><span class='ocrx_word' id='word_1_242' title='bbox 338 2893 419 2955; x_wconf 88' lang='lat' dir='ltr'><strong>adeo</strong></span> <span class='ocrx_word' id='word_1_243' title='bbox 437 2897 624 2975; x_wconf 81' lang='lat' dir='ltr'><strong>exploratas,</strong></span> <span class='ocrx_word' id='word_1_244' title='bbox 640 2899 715 2962; x_wconf 90' lang='lat' dir='ltr'><strong>adeo</strong></span> <span class='ocrx_word' id='word_1_245' title='bbox 730 2904 909 2979; x_wconf 86' lang='lat' dir='ltr'><strong>compertas,</strong></span> <span class='ocrx_word' id='word_1_246' title='bbox 927 2900 1002 2960; x_wconf 91' lang='lat' dir='ltr'><strong>adeo</strong></span> <span class='ocrx_word' id='word_1_247' title='bbox 1018 2899 1201 2977; x_wconf 87' lang='lat' dir='ltr'><strong>perspicuas,</strong></span> <span class='ocrx_word' id='word_1_248' title='bbox 1221 2903 1254 2958; x_wconf 90' lang='lat' dir='ltr'><strong>ut</strong></span> <span class='ocrx_word' id='word_1_249' title='bbox 1279 2898 1356 2958; x_wconf 92' lang='lat' dir='ltr'><strong>illius</strong></span> <span class='ocrx_word' id='word_1_250' title='bbox 1370 2899 1562 2978; x_wconf 71' lang='lat' dir='ltr'><strong>coniecturae</strong></span> 
     </span>
     <span class='ocr_line' id='line_1_27' title="bbox 337 2990 1565 3071; baseline 0.007 -27"><span class='ocrx_word' id='word_1_251' title='bbox 337 3002 437 3065; x_wconf 77' lang='lat' dir='ltr'><strong>prope</strong></span> <span class='ocrx_word' id='word_1_252' title='bbox 452 2990 573 3051; x_wconf 88' lang='lat' dir='ltr'><strong>oracula</strong></span> <span class='ocrx_word' id='word_1_253' title='bbox 589 2991 778 3054; x_wconf 85' lang='lat' dir='ltr'><strong>viderentur:</strong></span> <span class='ocrx_word' id='word_1_254' title='bbox 794 3009 872 3069; x_wconf 83' lang='lat' dir='ltr'><strong>quae</strong></span> <span class='ocrx_word' id='word_1_255' title='bbox 886 2991 948 3053; x_wconf 90' lang='lat' dir='ltr'><strong>sine</strong></span> <span class='ocrx_word' id='word_1_256' title='bbox 966 2992 1026 3051; x_wconf 92' lang='lat' dir='ltr'><strong>ulto</strong></span> <span class='ocrx_word' id='word_1_257' title='bbox 1041 2992 1158 3051; x_wconf 91' lang='lat' dir='ltr'><strong>delectu</strong></span> <span class='ocrx_word' id='word_1_258' title='bbox 1175 2991 1202 3050; x_wconf 92' lang='lat' dir='ltr'><strong>in</strong></span> <span class='ocrx_word' id='word_1_259' title='bbox 1219 2992 1367 3067; x_wconf 90' lang='lat' dir='ltr'><strong>optimum</strong></span> <span class='ocrx_word' id='word_1_260' title='bbox 1378 2992 1520 3071; x_wconf 87' lang='lat' dir='ltr'><strong>quodque</strong></span> <span class='ocrx_word' id='word_1_261' title='bbox 1534 2991 1565 3055; x_wconf 80' lang='lat' dir='ltr'><strong>ui</strong></span> 
     </span>
     <span class='ocr_line' id='line_1_28' title="bbox 337 3083 1565 3169; baseline 0.007 -26"><span class='ocrx_word' id='word_1_262' title='bbox 337 3083 469 3158; x_wconf 79' lang='lat' dir='ltr'><strong>quadam</strong></span> <span class='ocrx_word' id='word_1_263' title='bbox 495 3088 534 3147; x_wconf 89' lang='lat' dir='ltr'><strong>ab</strong></span> <span class='ocrx_word' id='word_1_264' title='bbox 548 3089 658 3165; x_wconf 87' lang='lat' dir='ltr'><strong>optima</strong></span> <span class='ocrx_word' id='word_1_265' title='bbox 684 3095 782 3151; x_wconf 88' lang='lat' dir='ltr'><strong>mente</strong></span> <span class='ocrx_word' id='word_1_266' title='bbox 799 3089 880 3149; x_wconf 84' lang='lat' dir='ltr'><strong>illata</strong></span> <span class='ocrx_word' id='word_1_267' title='bbox 896 3089 1068 3151; x_wconf 81' lang='lat' dir='ltr'><strong>terebatur:</strong></span> <span class='ocrx_word' id='word_1_268' title='bbox 1083 3106 1160 3165; x_wconf 83' lang='lat' dir='ltr'><strong>onae</strong></span> <span class='ocrx_word' id='word_1_269' title='bbox 1173 3089 1295 3149; x_wconf 84' lang='lat' dir='ltr'><strong>consilia</strong></span> <span class='ocrx_word' id='word_1_270' title='bbox 1313 3089 1351 3147; x_wconf 90' lang='lat' dir='ltr'><strong>ila</strong></span> <span class='ocrx_word' id='word_1_271' title='bbox 1376 3090 1404 3148; x_wconf 91' lang='lat' dir='ltr'><strong>in</strong></span> <span class='ocrx_word' id='word_1_272' title='bbox 1422 3095 1565 3169; x_wconf 88' lang='lat' dir='ltr'><strong>promptu</strong></span> 
     </span>
     <span class='ocr_line' id='line_1_29' title="bbox 339 3175 1562 3263; baseline 0.011 -31"><span class='ocrx_word' id='word_1_273' title='bbox 339 3175 438 3252; x_wconf 89' lang='lat' dir='ltr'><strong>posita</strong></span> <span class='ocrx_word' id='word_1_274' title='bbox 464 3178 607 3259; x_wconf 81' lang='lat' dir='ltr'><strong>habebat,</strong></span> <span class='ocrx_word' id='word_1_275' title='bbox 623 3187 657 3244; x_wconf 91' lang='lat' dir='ltr'><strong>ut</strong></span> <span class='ocrx_word' id='word_1_276' title='bbox 675 3183 764 3262; x_wconf 65' lang='lat' dir='ltr'><strong>lancta,</strong></span> <span class='ocrx_word' id='word_1_277' title='bbox 781 3200 850 3244; x_wconf 90' lang='lat' dir='ltr'><strong>cum</strong></span> <span class='ocrx_word' id='word_1_278' title='bbox 870 3183 907 3243; x_wconf 87' lang='lat' dir='ltr'><strong>ab</strong></span> <span class='ocrx_word' id='word_1_279' title='bbox 924 3183 1027 3243; x_wconf 86' lang='lat' dir='ltr'><strong>iisdem</strong></span> <span class='ocrx_word' id='word_1_280' title='bbox 1050 3187 1187 3259; x_wconf 90' lang='lat' dir='ltr'><strong>temporo</strong></span> <span class='ocrx_word' id='word_1_281' title='bbox 1202 3182 1316 3243; x_wconf 86' lang='lat' dir='ltr'><strong>secerni</strong></span> <span class='ocrx_word' id='word_1_282' title='bbox 1343 3199 1399 3242; x_wconf 91' lang='lat' dir='ltr'><strong>non</strong></span> <span class='ocrx_word' id='word_1_283' title='bbox 1424 3190 1562 3263; x_wconf 88' lang='lat' dir='ltr'><strong>possent,</strong></span> 
     </span>
     <span class='ocr_line' id='line_1_30' title="bbox 344 3276 1565 3358; baseline 0.006 -22"><span class='ocrx_word' id='word_1_284' title='bbox 344 3279 442 3358; x_wconf 86' lang='lat' dir='ltr'><strong>ipsius</strong></span> <span class='ocrx_word' id='word_1_285' title='bbox 457 3276 591 3337; x_wconf 74' lang='lat' dir='ltr'><strong>felicitati</strong></span> <span class='ocrx_word' id='word_1_286' title='bbox 607 3282 826 3355; x_wconf 86' lang='lat' dir='ltr'><strong>tribuerentur,</strong></span> <span class='ocrx_word' id='word_1_287' title='bbox 840 3297 929 3357; x_wconf 80' lang='lat' dir='ltr'><strong>uuae,</strong></span> <span class='ocrx_word' id='word_1_288' title='bbox 945 3281 1108 3356; x_wconf 81' lang='lat' dir='ltr'><strong>nequidem</strong></span> <span class='ocrx_word' id='word_1_289' title='bbox 1123 3299 1205 3352; x_wconf 84' lang='lat' dir='ltr'><strong>uera,</strong></span> <span class='ocrx_word' id='word_1_290' title='bbox 1219 3281 1377 3357; x_wconf 86' lang='lat' dir='ltr'><strong>ipsiusmet</strong></span> <span class='ocrx_word' id='word_1_291' title='bbox 1395 3282 1501 3343; x_wconf 81' lang='lat' dir='ltr'><strong>uirtuti</strong></span> <span class='ocrx_word' id='word_1_292' title='bbox 1516 3301 1565 3344; x_wconf 87' lang='lat' dir='ltr'><strong>ac·</strong></span> 
     </span>
     <span class='ocr_line' id='line_1_31' title="bbox 338 3373 1561 3458; baseline -0.004 -16"><span class='ocrx_word' id='word_1_293' title='bbox 338 3385 428 3458; x_wconf 89' lang='lat' dir='ltr'><strong>cepta</strong></span> <span class='ocrx_word' id='word_1_294' title='bbox 442 3377 561 3440; x_wconf 85' lang='lat' dir='ltr'><strong>terenda</strong></span> <span class='ocrx_word' id='word_1_295' title='bbox 576 3379 678 3448; x_wconf 82' lang='lat' dir='ltr'><strong>erant:</strong></span> <span class='ocrx_word' id='word_1_296' title='bbox 696 3392 775 3452; x_wconf 84' lang='lat' dir='ltr'><strong>quae</strong></span> <span class='ocrx_word' id='word_1_297' title='bbox 799 3373 926 3450; x_wconf 81' lang='lat' dir='ltr'><strong>denique</strong></span> <span class='ocrx_word' id='word_1_298' title='bbox 940 3375 1108 3435; x_wconf 82' lang='lat' dir='ltr'><strong>deliberans</strong></span> <span class='ocrx_word' id='word_1_299' title='bbox 1125 3391 1178 3433; x_wconf 92' lang='lat' dir='ltr'><strong>nou</strong></span> <span class='ocrx_word' id='word_1_300' title='bbox 1194 3390 1270 3450; x_wconf 88' lang='lat' dir='ltr'><strong>opus</strong></span> <span class='ocrx_word' id='word_1_301' title='bbox 1285 3375 1391 3435; x_wconf 89' lang='lat' dir='ltr'><strong>babuit</strong></span> <span class='ocrx_word' id='word_1_302' title='bbox 1406 3375 1561 3454; x_wconf 82' lang='lat' dir='ltr'><strong>expellere</strong></span> 
     </span>
     <span class='ocr_line' id='line_1_32' title="bbox 339 3467 1561 3547; baseline -0.006 -11"><span class='ocrx_word' id='word_1_303' title='bbox 339 3481 468 3546; x_wconf 87' lang='lat' dir='ltr'><strong>metum,</strong></span> <span class='ocrx_word' id='word_1_304' title='bbox 486 3471 578 3530; x_wconf 89' lang='lat' dir='ltr'><strong>ullam</strong></span> <span class='ocrx_word' id='word_1_305' title='bbox 603 3469 755 3530; x_wconf 90' lang='lat' dir='ltr'><strong>continere</strong></span> <span class='ocrx_word' id='word_1_306' title='bbox 777 3468 986 3547; x_wconf 89' lang='lat' dir='ltr'><strong>cupiditatem,</strong></span> <span class='ocrx_word' id='word_1_307' title='bbox 1005 3471 1112 3544; x_wconf 87' lang='lat' dir='ltr'><strong>utpote</strong></span> <span class='ocrx_word' id='word_1_308' title='bbox 1129 3467 1156 3526; x_wconf 91' lang='lat' dir='ltr'><strong>in</strong></span> <span class='ocrx_word' id='word_1_309' title='bbox 1172 3467 1255 3545; x_wconf 85' lang='lat' dir='ltr'><strong>cujus</strong></span> <span class='ocrx_word' id='word_1_310' title='bbox 1270 3470 1366 3529; x_wconf 90' lang='lat' dir='ltr'><strong>animo</strong></span> <span class='ocrx_word' id='word_1_311' title='bbox 1389 3487 1446 3532; x_wconf 91' lang='lat' dir='ltr'><strong>nou</strong></span> <span class='ocrx_word' id='word_1_312' title='bbox 1461 3475 1561 3530; x_wconf 89' lang='lat' dir='ltr'><strong>metus</strong></span> 
     </span>
     <span class='ocr_line' id='line_1_33' title="bbox 341 3566 1563 3647; baseline -0.004 -13"><span class='ocrx_word' id='word_1_313' title='bbox 341 3576 421 3642; x_wconf 86' lang='lat' dir='ltr'><strong>erat,</strong></span> <span class='ocrx_word' id='word_1_314' title='bbox 438 3566 493 3631; x_wconf 86' lang='lat' dir='ltr'><strong>sed</strong></span> <span class='ocrx_word' id='word_1_315' title='bbox 507 3569 637 3647; x_wconf 83' lang='lat' dir='ltr'><strong>diligens</strong></span> <span class='ocrx_word' id='word_1_316' title='bbox 650 3568 750 3628; x_wconf 88' lang='lat' dir='ltr'><strong>cautio</strong></span> <span class='ocrx_word' id='word_1_317' title='bbox 771 3567 848 3647; x_wconf 83' lang='lat' dir='ltr'><strong>ejus,</strong></span> <span class='ocrx_word' id='word_1_318' title='bbox 866 3567 944 3642; x_wconf 84' lang='lat' dir='ltr'><strong>quod</strong></span> <span class='ocrx_word' id='word_1_319' title='bbox 962 3566 1008 3625; x_wconf 87' lang='lat' dir='ltr'><strong>vel</strong></span> <span class='ocrx_word' id='word_1_320' title='bbox 1021 3567 1214 3640; x_wconf 76' lang='lat' dir='ltr'><strong>nequioribus</strong></span> <span class='ocrx_word' id='word_1_321' title='bbox 1231 3570 1319 3643; x_wconf 90' lang='lat' dir='ltr'><strong>turpe</strong></span> <span class='ocrx_word' id='word_1_322' title='bbox 1338 3567 1430 3627; x_wconf 85' lang='lat' dir='ltr'><strong>rideri</strong></span> <span class='ocrx_word' id='word_1_323' title='bbox 1446 3574 1563 3646; x_wconf 89' lang='lat' dir='ltr'><strong>possei;</strong></span> 
     </span>
     <span class='ocr_line' id='line_1_34' title="bbox 343 3656 1566 3741; baseline -0.002 -16"><span class='ocrx_word' id='word_1_324' title='bbox 343 3682 404 3726; x_wconf 89' lang='lat' dir='ltr'><strong>nun</strong></span> <span class='ocrx_word' id='word_1_325' title='bbox 417 3661 580 3741; x_wconf 86' lang='lat' dir='ltr'><strong>copiditas,</strong></span> <span class='ocrx_word' id='word_1_326' title='bbox 597 3662 649 3722; x_wconf 92' lang='lat' dir='ltr'><strong>sed</strong></span> <span class='ocrx_word' id='word_1_327' title='bbox 674 3678 821 3721; x_wconf 86' lang='lat' dir='ltr'><strong>summum</strong></span> <span class='ocrx_word' id='word_1_328' title='bbox 835 3660 1014 3720; x_wconf 88' lang='lat' dir='ltr'><strong>desiderium</strong></span> <span class='ocrx_word' id='word_1_329' title='bbox 1034 3656 1112 3736; x_wconf 73' lang='lat' dir='ltr'><strong>eius,</strong></span> <span class='ocrx_word' id='word_1_330' title='bbox 1129 3658 1210 3735; x_wconf 87' lang='lat' dir='ltr'><strong>quod</strong></span> <span class='ocrx_word' id='word_1_331' title='bbox 1226 3660 1476 3737; x_wconf 79' lang='lat' dir='ltr'><strong>vel-nequissimis</strong></span> <span class='ocrx_word' id='word_1_332' title='bbox 1494 3680 1566 3740; x_wconf 92' lang='lat' dir='ltr'><strong>pro·</strong></span> 
     </span>
     <span class='ocr_line' id='line_1_35' title="bbox 342 3750 1567 3831; baseline -0.002 -13"><span class='ocrx_word' id='word_1_333' title='bbox 342 3755 409 3818; x_wconf 86' lang='lat' dir='ltr'><strong>bari</strong></span> <span class='ocrx_word' id='word_1_334' title='bbox 423 3755 552 3815; x_wconf 83' lang='lat' dir='ltr'><strong>deberet</strong></span> <span class='ocrx_word' id='word_1_335' title='bbox 580 3755 753 3814; x_wconf 87' lang='lat' dir='ltr'><strong>honesturn.</strong></span> <span class='ocrx_word' id='word_1_336' title='bbox 774 3753 874 3831; x_wconf 85' lang='lat' dir='ltr'><strong>blagna</strong></span> <span class='ocrx_word' id='word_1_337' title='bbox 890 3753 927 3813; x_wconf 90' lang='lat' dir='ltr'><strong>de</strong></span> <span class='ocrx_word' id='word_1_338' title='bbox 942 3750 1102 3811; x_wconf 83' lang='lat' dir='ltr'><strong>Prudentia</strong></span> <span class='ocrx_word' id='word_1_339' title='bbox 1121 3750 1295 3811; x_wconf 74' lang='lat' dir='ltr'><strong>audivistis:</strong></span> <span class='ocrx_word' id='word_1_340' title='bbox 1316 3754 1368 3813; x_wconf 92' lang='lat' dir='ltr'><strong>scd</strong></span> <span class='ocrx_word' id='word_1_341' title='bbox 1396 3756 1433 3815; x_wconf 90' lang='lat' dir='ltr'><strong>de</strong></span> <span class='ocrx_word' id='word_1_342' title='bbox 1447 3754 1567 3816; x_wconf 82' lang='lat' dir='ltr'><strong>lustitia</strong></span> 
     </span>
     <span class='ocr_line' id='line_1_36' title="bbox 338 3848 1567 3932; baseline 0 -18"><span class='ocrx_word' id='word_1_343' title='bbox 338 3851 689 3932; x_wconf 76' lang='lat' dir='ltr'><strong>audietismeora.Haec</strong></span> <span class='ocrx_word' id='word_1_344' title='bbox 705 3868 832 3927; x_wconf 78' lang='lat' dir='ltr'><strong>natuque</strong></span> <span class='ocrx_word' id='word_1_345' title='bbox 848 3851 895 3910; x_wconf 88' lang='lat' dir='ltr'><strong>itta</strong></span> <span class='ocrx_word' id='word_1_346' title='bbox 911 3848 1166 3928; x_wconf 86' lang='lat' dir='ltr'><strong>praestantissima</strong></span> <span class='ocrx_word' id='word_1_347' title='bbox 1179 3849 1276 3910; x_wconf 85' lang='lat' dir='ltr'><strong>virtus</strong></span> <span class='ocrx_word' id='word_1_348' title='bbox 1291 3850 1421 3924; x_wconf 84' lang='lat' dir='ltr'><strong>esl,lous</strong></span> <span class='ocrx_word' id='word_1_349' title='bbox 1432 3856 1464 3912; x_wconf 92' lang='lat' dir='ltr'><strong>et</strong></span> <span class='ocrx_word' id='word_1_350' title='bbox 1480 3852 1567 3931; x_wconf 87' lang='lat' dir='ltr'><strong>origo</strong></span> 
     </span>
     <span class='ocr_line' id='line_1_37' title="bbox 340 3940 1569 4024; baseline 0.007 -20"><span class='ocrx_word' id='word_1_351' title='bbox 340 3945 440 4006; x_wconf 87' lang='lat' dir='ltr'><strong>omnis</strong></span> <span class='ocrx_word' id='word_1_352' title='bbox 452 3944 717 4005; x_wconf 83' lang='lat' dir='ltr'><strong>commendationis</strong></span> <span class='ocrx_word' id='word_1_353' title='bbox 729 3949 760 4003; x_wconf 91' lang='lat' dir='ltr'><strong>et</strong></span> <span class='ocrx_word' id='word_1_354' title='bbox 776 3943 881 4018; x_wconf 85' lang='lat' dir='ltr'><strong>laruae,</strong></span> <span class='ocrx_word' id='word_1_355' title='bbox 897 3941 958 4001; x_wconf 90' lang='lat' dir='ltr'><strong>sine</strong></span> <span class='ocrx_word' id='word_1_356' title='bbox 971 3959 1030 4018; x_wconf 86' lang='lat' dir='ltr'><strong>qua</strong></span> <span class='ocrx_word' id='word_1_357' title='bbox 1043 3940 1115 4000; x_wconf 90' lang='lat' dir='ltr'><strong>nibil</strong></span> <span class='ocrx_word' id='word_1_358' title='bbox 1130 3959 1197 4002; x_wconf 87' lang='lat' dir='ltr'><strong>esse</strong></span> <span class='ocrx_word' id='word_1_359' title='bbox 1212 3949 1314 4020; x_wconf 86' lang='lat' dir='ltr'><strong>potest</strong></span> <span class='ocrx_word' id='word_1_360' title='bbox 1331 3947 1457 4024; x_wconf 90' lang='lat' dir='ltr'><strong>illustre,</strong></span> <span class='ocrx_word' id='word_1_361' title='bbox 1495 3950 1569 4013; x_wconf 90' lang='lat' dir='ltr'><strong>nibil</strong></span> 
     </span>
     <span class='ocr_line' id='line_1_38' title="bbox 340 4033 1568 4118; baseline 0.009 -22"><span class='ocrx_word' id='word_1_362' title='bbox 340 4033 623 4115; x_wconf 82' lang='lat' dir='ltr'><strong>praeclarum,nibil</strong></span> <span class='ocrx_word' id='word_1_363' title='bbox 637 4036 764 4113; x_wconf 85' lang='lat' dir='ltr'><strong>denique</strong></span> <span class='ocrx_word' id='word_1_364' title='bbox 776 4035 1000 4112; x_wconf 87' lang='lat' dir='ltr'><strong>laudcdignum:</strong></span> <span class='ocrx_word' id='word_1_365' title='bbox 1013 4036 1139 4095; x_wconf 89' lang='lat' dir='ltr'><strong>baecest</strong></span> <span class='ocrx_word' id='word_1_366' title='bbox 1148 4053 1225 4113; x_wconf 84' lang='lat' dir='ltr'><strong>quae</strong></span> <span class='ocrx_word' id='word_1_367' title='bbox 1237 4038 1325 4100; x_wconf 89' lang='lat' dir='ltr'><strong>docet</strong></span> <span class='ocrx_word' id='word_1_368' title='bbox 1339 4043 1568 4118; x_wconf 84' lang='lat' dir='ltr'><strong>aequitatenon</strong></span> 
     </span>
     <span class='ocr_line' id='line_1_39' title="bbox 341 4125 1604 4204; baseline 0.01 -19"><span class='ocrx_word' id='word_1_369' title='bbox 341 4127 457 4186; x_wconf 87' lang='lat' dir='ltr'><strong>riulare</strong></span> <span class='ocrx_word' id='word_1_370' title='bbox 470 4125 796 4202; x_wconf 87' lang='lat' dir='ltr'><strong>bomines,verecundia</strong></span> <span class='ocrx_word' id='word_1_371' title='bbox 810 4148 866 4189; x_wconf 88' lang='lat' dir='ltr'><strong>nou</strong></span> <span class='ocrx_word' id='word_1_372' title='bbox 881 4127 1042 4191; x_wconf 72' lang='lat' dir='ltr'><strong>offenderes</strong></span> <span class='ocrx_word' id='word_1_373' title='bbox 1054 4128 1128 4188; x_wconf 84' lang='lat' dir='ltr'><strong>liaec</strong></span> <span class='ocrx_word' id='word_1_374' title='bbox 1140 4131 1353 4204; x_wconf 83' lang='lat' dir='ltr'><strong>aequabilitate</strong></span> <span class='ocrx_word' id='word_1_375' title='bbox 1365 4143 1394 4195; x_wconf 91' lang='lat' dir='ltr'><strong>et</strong></span> <span class='ocrx_word' id='word_1_376' title='bbox 1409 4135 1467 4199; x_wconf 83' lang='lat' dir='ltr'><strong>true</strong></span> <span class='ocrx_word' id='word_1_377' title='bbox 1483 4156 1569 4200; x_wconf 86' lang='lat' dir='ltr'><strong>suam</strong></span> <span class='ocrx_word' id='word_1_378' title='bbox 1601 4191 1604 4197; x_wconf 90' lang='lat'>.</span> 
     </span>
     <span class='ocr_line' id='line_1_40' title="bbox 338 4219 1571 4307; baseline 0.01 -25"><span class='ocrx_word' id='word_1_379' title='bbox 338 4222 454 4295; x_wconf 88' lang='lat' dir='ltr'><strong>cuique</strong></span> <span class='ocrx_word' id='word_1_380' title='bbox 470 4219 607 4279; x_wconf 88' lang='lat' dir='ltr'><strong>tribuens</strong></span> <span class='ocrx_word' id='word_1_381' title='bbox 622 4220 810 4298; x_wconf 89' lang='lat' dir='ltr'><strong>dignitatem,</strong></span> <span class='ocrx_word' id='word_1_382' title='bbox 825 4222 1002 4284; x_wconf 88' lang='lat' dir='ltr'><strong>societatem</strong></span> <span class='ocrx_word' id='word_1_383' title='bbox 1018 4225 1176 4283; x_wconf 83' lang='lat' dir='ltr'><strong>humanam</strong></span> <span class='ocrx_word' id='word_1_384' title='bbox 1190 4223 1326 4286; x_wconf 84' lang='lat' dir='ltr'><strong>muriidce</strong></span> <span class='ocrx_word' id='word_1_385' title='bbox 1343 4246 1378 4288; x_wconf 88' lang='lat' dir='ltr'><strong>ac</strong></span> <span class='ocrx_word' id='word_1_386' title='bbox 1394 4247 1489 4307; x_wconf 90' lang='lat' dir='ltr'><strong>aeque</strong></span> <span class='ocrx_word' id='word_1_387' title='bbox 1504 4237 1571 4294; x_wconf 88' lang='lat' dir='ltr'><strong>tue·</strong></span> 
     </span>
     <span class='ocr_line' id='line_1_41' title="bbox 341 4314 1569 4395; baseline 0.011 -22"><span class='ocrx_word' id='word_1_388' title='bbox 341 4318 407 4373; x_wconf 88' lang='lat' dir='ltr'><strong>tur:</strong></span> <span class='ocrx_word' id='word_1_389' title='bbox 423 4314 498 4373; x_wconf 86' lang='lat' dir='ltr'><strong>baec</strong></span> <span class='ocrx_word' id='word_1_390' title='bbox 512 4329 580 4374; x_wconf 92' lang='lat' dir='ltr'><strong>cum</strong></span> <span class='ocrx_word' id='word_1_391' title='bbox 597 4315 625 4376; x_wconf 94' lang='lat' dir='ltr'><strong>in</strong></span> <span class='ocrx_word' id='word_1_392' title='bbox 637 4318 707 4378; x_wconf 90' lang='lat' dir='ltr'><strong>sella</strong></span> <span class='ocrx_word' id='word_1_393' title='bbox 722 4319 816 4378; x_wconf 91' lang='lat' dir='ltr'><strong>curuli</strong></span> <span class='ocrx_word' id='word_1_394' title='bbox 831 4318 926 4391; x_wconf 89' lang='lat' dir='ltr'><strong>sedet,</strong></span> <span class='ocrx_word' id='word_1_395' title='bbox 941 4317 1154 4395; x_wconf 78' lang='lat' dir='ltr'><strong>lustitia30um</strong></span> <span class='ocrx_word' id='word_1_396' title='bbox 1168 4321 1259 4380; x_wconf 89' lang='lat' dir='ltr'><strong>sacris</strong></span> <span class='ocrx_word' id='word_1_397' title='bbox 1273 4327 1304 4382; x_wconf 90' lang='lat' dir='ltr'><strong>el</strong></span> <span class='ocrx_word' id='word_1_398' title='bbox 1315 4325 1507 4387; x_wconf 91' lang='lat' dir='ltr'><strong>caeremoniis</strong></span> <span class='ocrx_word' id='word_1_399' title='bbox 1521 4343 1569 4388; x_wconf 86' lang='lat' dir='ltr'><strong>va·</strong></span> 
     </span>
    </p>
   </div>
   <div class='ocr_carea' id='block_1_3' title="bbox 339 4405 1580 4883">
    <p class='ocr_par' dir='ltr' id='par_1_3' title="bbox 339 4405 1580 4883">
     <span class='ocr_line' id='line_1_42' title="bbox 341 4405 1570 4493; baseline 0.01 -26"><span class='ocrx_word' id='word_1_400' title='bbox 341 4410 407 4481; x_wconf 81' lang='lat' dir='ltr'><strong>cat,</strong></span> <span class='ocrx_word' id='word_1_401' title='bbox 421 4405 627 4485; x_wconf 69' lang='lat' dir='ltr'><strong>netigrueom</strong></span> <span class='ocrx_word' id='word_1_402' title='bbox 643 4411 921 4487; x_wconf 85' lang='lat' dir='ltr'><strong>reipublicaenamt</strong></span> <span class='ocrx_word' id='word_1_403' title='bbox 935 4428 1068 4488; x_wconf 86' lang='lat' dir='ltr'><strong>operam,</strong></span> <span class='ocrx_word' id='word_1_404' title='bbox 1082 4412 1196 4486; x_wconf 74' lang='lat' dir='ltr'><strong>Pietas,</strong></span> <span class='ocrx_word' id='word_1_405' title='bbox 1213 4432 1280 4475; x_wconf 84' lang='lat' dir='ltr'><strong>curn</strong></span> <span class='ocrx_word' id='word_1_406' title='bbox 1295 4420 1469 4493; x_wconf 85' lang='lat' dir='ltr'><strong>parentibus</strong></span> <span class='ocrx_word' id='word_1_407' title='bbox 1481 4418 1570 4479; x_wconf 87' lang='lat' dir='ltr'><strong>obse·</strong></span> 
     </span>
     <span class='ocr_line' id='line_1_43' title="bbox 339 4502 1571 4592; baseline 0.011 -29"><span class='ocrx_word' id='word_1_408' title='bbox 339 4502 466 4580; x_wconf 85' lang='lat' dir='ltr'><strong>quitur,</strong></span> <span class='ocrx_word' id='word_1_409' title='bbox 481 4503 741 4584; x_wconf 81' lang='lat' dir='ltr'><strong>Reverentia-,cum</strong></span> <span class='ocrx_word' id='word_1_410' title='bbox 753 4511 861 4569; x_wconf 83' lang='lat' dir='ltr'><strong>airricus</strong></span> <span class='ocrx_word' id='word_1_411' title='bbox 876 4510 955 4582; x_wconf 89' lang='lat' dir='ltr'><strong>colit,</strong></span> <span class='ocrx_word' id='word_1_412' title='bbox 970 4510 1177 4584; x_wconf 71' lang='lat' dir='ltr'><strong>Obseruantia,</strong></span> <span class='ocrx_word' id='word_1_413' title='bbox 1194 4530 1264 4573; x_wconf 90' lang='lat' dir='ltr'><strong>com</strong></span> <span class='ocrx_word' id='word_1_414' title='bbox 1288 4514 1419 4592; x_wconf 85' lang='lat' dir='ltr'><strong>reliquos</strong></span> <span class='ocrx_word' id='word_1_415' title='bbox 1436 4517 1571 4578; x_wconf 84' lang='lat' dir='ltr'><strong>nomines</strong></span> 
     </span>
     <span class='ocr_line' id='line_1_44' title="bbox 343 4593 1569 4685; baseline 0.015 -32"><span class='ocrx_word' id='word_1_416' title='bbox 343 4595 439 4654; x_wconf 85' lang='lat' dir='ltr'><strong>etiam</strong></span> <span class='ocrx_word' id='word_1_417' title='bbox 456 4593 621 4672; x_wconf 85' lang='lat' dir='ltr'><strong>incognitos</strong></span> <span class='ocrx_word' id='word_1_418' title='bbox 644 4599 753 4679; x_wconf 77' lang='lat' dir='ltr'><strong>diligit,</strong></span> <span class='ocrx_word' id='word_1_419' title='bbox 771 4602 857 4679; x_wconf 87' lang='lat' dir='ltr'><strong>pleno</strong></span> <span class='ocrx_word' id='word_1_420' title='bbox 872 4601 1033 4662; x_wconf 79' lang='lat' dir='ltr'><strong>suauitatis</strong></span> <span class='ocrx_word' id='word_1_421' title='bbox 1051 4604 1168 4663; x_wconf 91' lang='lat' dir='ltr'><strong>nomine</strong></span> <span class='ocrx_word' id='word_1_422' title='bbox 1183 4603 1359 4667; x_wconf 84' lang='lat' dir='ltr'><strong>Humanitas</strong></span> <span class='ocrx_word' id='word_1_423' title='bbox 1385 4609 1569 4685; x_wconf 89' lang='lat' dir='ltr'><strong>appellatur.</strong></span> 
     </span>
     <span class='ocr_line' id='line_1_45' title="bbox 344 4689 1580 4774; baseline 0.015 -29"><span class='ocrx_word' id='word_1_424' title='bbox 344 4690 384 4746; x_wconf 83' lang='lat' dir='ltr'><strong>nt</strong></span> <span class='ocrx_word' id='word_1_425' title='bbox 398 4702 490 4762; x_wconf 84' lang='lat' dir='ltr'><strong>quam</strong></span> <span class='ocrx_word' id='word_1_426' title='bbox 505 4689 630 4751; x_wconf 84' lang='lat' dir='ltr'><strong>eximias</strong></span> <span class='ocrx_word' id='word_1_427' title='bbox 653 4698 685 4752; x_wconf 93' lang='lat' dir='ltr'><strong>et</strong></span> <span class='ocrx_word' id='word_1_428' title='bbox 702 4695 888 4756; x_wconf 89' lang='lat' dir='ltr'><strong>incredibiles</strong></span> <span class='ocrx_word' id='word_1_429' title='bbox 904 4709 945 4755; x_wconf 84' lang='lat' dir='ltr'><strong>ex</strong></span> <span class='ocrx_word' id='word_1_430' title='bbox 968 4712 1149 4774; x_wconf 87' lang='lat' dir='ltr'><strong>unaquaque</strong></span> <span class='ocrx_word' id='word_1_431' title='bbox 1169 4700 1272 4760; x_wconf 84' lang='lat' dir='ltr'><strong>lrarurn</strong></span> <span class='ocrx_word' id='word_1_432' title='bbox 1296 4704 1444 4763; x_wconf 76' lang='lat' dir='ltr'><strong>virtutum</strong></span> <span class='ocrx_word' id='word_1_433' title='bbox 1469 4703 1580 4765; x_wconf 73' lang='lat' dir='ltr'><strong>laudes·</strong></span> 
     </span>
     <span class='ocr_line' id='line_1_46' title="bbox 342 4782 1572 4883; baseline 0.016 -40"><span class='ocrx_word' id='word_1_434' title='bbox 342 4782 505 4858; x_wconf 59' lang='lat' dir='ltr'><strong>(katharina</strong></span> <span class='ocrx_word' id='word_1_435' title='bbox 520 4789 669 4868; x_wconf 79' lang='lat' dir='ltr'><strong>aragonia</strong></span> <span class='ocrx_word' id='word_1_436' title='bbox 695 4793 803 4869; x_wconf 86' lang='lat' dir='ltr'><strong>adepta</strong></span> <span class='ocrx_word' id='word_1_437' title='bbox 828 4799 888 4872; x_wconf 87' lang='lat' dir='ltr'><strong>cst,</strong></span> <span class='ocrx_word' id='word_1_438' title='bbox 906 4801 936 4855; x_wconf 91' lang='lat' dir='ltr'><strong>et</strong></span> <span class='ocrx_word' id='word_1_439' title='bbox 961 4811 1052 4872; x_wconf 84' lang='lat' dir='ltr'><strong>quam</strong></span> <span class='ocrx_word' id='word_1_440' title='bbox 1078 4814 1168 4880; x_wconf 89' lang='lat' dir='ltr'><strong>supra</strong></span> <span class='ocrx_word' id='word_1_441' title='bbox 1184 4796 1302 4863; x_wconf 82' lang='lat' dir='ltr'><strong>humani</strong></span> <span class='ocrx_word' id='word_1_442' title='bbox 1329 4799 1572 4883; x_wconf 86' lang='lat' dir='ltr'><strong>ingeniicaptum</strong></span> 
     </span>
    </p>
   </div>
   <div class='ocr_carea' id='block_1_4' title="bbox 0 0 1987 5592">
    <p class='ocr_par' dir='ltr' id='par_1_4' title="bbox 0 0 1987 5592">
     <span class='ocr_line' id='line_1_47' title="bbox 0 0 1987 5592; baseline 0 0"><span class='ocrx_word' id='word_1_443' title='bbox 0 0 1987 5592; x_wconf 95' lang='lat' dir='ltr'><strong> </strong></span> 
     </span>
    </p>
   </div>
  </div>
 </body>
</html>
