3942 5592
1459 494 1495 556 31

474 597 515 661 lit
522 607 710 680 properastis
724 621 819 683 aquae
827 623 886 682 per
900 624 1034 667 omoeuos
1049 608 1175 672 ambitus
1189 629 1287 690 uaros,
1307 628 1309 630 ·

471 698 530 758 Aut
539 700 651 777 flumem
666 698 805 766 itionum,
824 708 875 763 asti
884 704 1010 781 ptumus
1024 703 1200 768 describitur
1213 725 1322 770 arcus.-

478 792 538 852 Sed
548 808 627 852 mune
639 810 699 854 aaa
709 799 775 855 erut
791 792 838 857 bis
852 794 946 858 locus.
962 797 1001 859 Et
1009 796 1139 873 sortium
1153 816 1319 876 cupressum

476 882 920 963 Scisstmularesquidltoc,si
932 884 1041 961 sraotr's
1054 891 1154 949 eaatat
1167 906 1273 966 ecspes
1489 891 1529 953 ib

469 976 618 1054 Navibus,
629 996 697 1040 aere
711 980 792 1056 duo,
807 985 860 1057 qus¹
869 978 1037 1057 pinarius?
1050 982 1204 1061 Ampbora
1217 990 1313 1064 eoepit

479 1074 600 1136 luste'lui
609 1094 622 1144 ,·
638 1081 769 1137 atrreute
784 1083 862 1149 roto,
876 1095 929 1137 cur
942 1095 1048 1140 urceus
1062 1075 1155 1140 ecit?

470 1167 614 1244 mma,
626 1169 665 1226 sit
678 1169 760 1245 quod
771 1173 817 1231 uis
831 1169 959 1247 simplem
973 1172 1132 1232 duadaaat
1145 1176 1173 1234 et
1182 1187 1283 1233 unum.

507 1260 642 1322 blasima
649 1278 724 1338 pars
736 1269 847 1342 uatum,
855 1268 954 1342 pater,
968 1269 997 1324 et
1009 1269 1128 1329 iuuenes
1136 1270 1225 1345 pidre
1238 1266 1335 1345 daim,

469 1356 638 1434 Desinimus
653 1365 748 1436 specie
762 1363 834 1420 recti
842 1380 852 1417 ε
867 1359 962 1421 meeis
976 1379 1040 1424 esse
1052 1362 1165 1441 laboro,
1492 1367 1531 1429 25

472 1451 620 1516 Obscurus
630 1453 685 1530 fia·
702 1458 860 1516 sectantem
874 1456 954 1517 leuia
967 1463 1052 1518 nerui

469 1548 616 1624 Deficiunt
631 1556 794 1626 eniminum
803 1550 961 1628 professus
971 1555 1097 1629 arcadia
1111 1558 1221 1631 taraci·

471 1646 569 1723 Serpit
581 1645 666 1707 buna
680 1651 761 1709 tutus
774 1650 897 1707 mimium
912 1651 1092 1727 timidasque
1102 1650 1271 1728 procellae:

470 1738 527 1813 Oui
539 1745 657 1805 cariore
671 1748 751 1820 carpit
763 1761 825 1804 rem
834 1743 1043 1821 prodiciale'ter
1055 1764 1156 1823 uuam,

469 1829 642 1909 &braama
655 1831 737 1894 silvis
749 1837 898 1910 oppiana,
910 1835 1048 1913 arietibus
1062 1853 1177 1913 aprum.

472 1921 510 1981 la
522 1927 625 1983 ouium
638 1924 720 1983 ducit
735 1925 839 2002 aupes
852 1923 941 2004 suaa,
957 1931 985 1986 si
1000 1934 1080 1987 caret
1095 1933 1169 1992 orte.

506 2019 664 2079 Aemilium
677 2023 758 2080 circa
771 2019 876 2082 ludum
888 2019 984 2097 saber,
999 2039 1078 2082 unus
1091 2029 1119 2082 ei
1132 2041 1244 2104 unques

467 2114 637 2192 Exprimet,
650 2120 678 2175 et
691 2115 790 2178 molles
804 2117 968 2177 imitabitur
981 2134 1047 2178 aare
1062 2118 1210 2195 capillos:

465 2210 582 2286 Infelix
596 2215 694 2290 operis
705 2229 830 2292 mmeao,
846 2218 918 2292 quia
929 2230 1039 2291 patere
1053 2218 1142 2274 totum

310 2367 364 2408 mae
379 2351 517 2409 theatrum
531 2354 559 2409 in
573 2352 629 2411 sote
644 2356 804 2429 ingressus,
824 2354 943 2411 omniurn
963 2360 1147 2427 spectatorum
1169 2355 1265 2414 oeulos
1288 2357 1314 2414 in
1334 2372 1364 2416 se
1384 2357 1527 2431 convertit,

308 2442 403 2516 quinus
418 2442 537 2499 candens
550 2443 657 2500 bamma
671 2446 787 2518 prodire,
802 2445 926 2502 incedere
938 2461 970 2502 nc
985 2444 1078 2502 sedere
1092 2446 1180 2503 visum
1193 2454 1243 2504 est.

347 2541 391 2593 ts.
407 2534 532 2593 Flumen
542 2537 683 2611 Rlcenumt
699 2533 801 2595 Parrus
816 2539 841 2594 in
855 2538 930 2594 ltalia
943 2538 1042 2594 tiuvius
1056 2540 1272 2609 amoenissimus,
1287 2556 1340 2596 non
1356 2544 1403 2613 qui
1418 2543 1529 2600 Germa·

310 2622 377 2677 niam
392 2637 407 2678 a
420 2620 508 2679 Gallia
520 2621 623 2695 dividit,
639 2637 719 2695 quem
734 2623 760 2678 in
773 2621 938 2679 Annalibus
954 2622 1081 2678 describit
1094 2623 1215 2679 sublimis
1229 2625 1348 2680 Tacitus.

327 2745 328 2748 =
343 2720 389 2772 to.
409 2712 587 2789 Cupressum
601 2744 614 2759 ·
628 2716 697 2770 Scis
711 2713 870 2786 simularet
886 2714 953 2770 Satis
968 2713 1035 2770 scita
1049 2714 1168 2784 emphasi
1182 2731 1355 2789 cupressum
1367 2717 1452 2789 dicit,
1474 2733 1527 2790 qua

308 2799 367 2856 nihii
384 2800 496 2858 facilius
509 2803 581 2874 pingi
594 2809 691 2874 potest.

344 2890 390 2943 st.
407 2889 483 2953 Aere
495 2885 566 2944 dato
580 2892 631 2960 qui
640 2888 792 2962 pinqitur)
808 2889 841 2944 Ut
855 2885 951 2942 tabella
965 2886 991 2941 in
1005 2885 1071 2943 aede
1085 2887 1199 2958 Neptuni
1214 2903 1367 2962 suspensa,
1388 2892 1442 2947 voti
1462 2907 1527 2949 reus

310 2974 360 3029 soti
373 2973 484 3029 solutus
499 2974 542 3029 sit.

342 3070 389 3122 23.
408 3068 550 3140 Denique,
568 3067 623 3139 sit)
637 3068 708 3122 ilaec
723 3071 764 3122 est
777 3064 926 3136 complexio
941 3062 1077 3134 praecepu'
1092 3062 1125 3119 de
1141 3064 1242 3120 unitate
1256 3066 1396 3136 poematis.

744 3178 789 3226 lle
800 3177 879 3225 anis
890 3176 1091 3225 neoc-staats.

342 3280 390 3333 et.
408 3277 556 3333 Masima
564 3289 638 3348 pars
651 3274 762 3346 amomi
777 3275 879 3328 Natura
892 3270 1000 3343 quidem
1015 3270 1149 3343 cunisque
1163 3269 1299 3327 facultatis
1314 3286 1376 3343 pars
1387 3273 1526 3344 potissima

312 3369 371 3432 est,
393 3359 443 3416 sed
463 3360 576 3417 incerta.
598 3362 686 3426 Quare
700 3360 772 3415 acuti
787 3359 905 3415 homines
920 3372 1032 3413 caussas
1045 3357 1258 3429 investigarunt,
1274 3359 1417 3430 exquibus
1431 3367 1527 3416 natura

312 3455 357 3503 aut
368 3454 445 3504 recte
460 3452 508 3501 aut
521 3461 602 3517 prave
615 3445 740 3503 iecisset:
756 3453 784 3502 et
798 3445 834 3502 ita
844 3452 916 3501 artes
926 3444 1085 3501 invenerunt
1097 3463 1105 3514 3
1120 3458 1236 3515 quorum
1248 3446 1398 3516 praeceptis
1408 3447 1525 3505 artifices

309 3542 332 3596 tn
347 3535 406 3589 suis
420 3533 548 3604 operibus
562 3531 709 3589 alliciendis
723 3538 796 3588 recta
809 3536 966 3604 sequantur,
982 3544 1065 3600 prava
1078 3528 1220 3585 declinent.

341 3628 389 3682 26.
406 3615 507 3697 mia)
522 3622 674 3696 Elegantius
688 3624 841 3680 verborum.
1021 3609 1025 3618 ’
1058 3658 1060 3661 v

344 3710 382 3766 lb.
398 3711 489 3766 Nesoi
503 3739 516 3751 ·
529 3709 678 3782 Deficiunt
692 3707 850 3781 animique)
865 3707 957 3766 Robur
971 3706 1174 3763 sententiarum.
1195 3707 1294 3766 Vitium
1309 3706 1409 3764 formae
1422 3713 1523 3779 tempe·

313 3803 393 3854 ratae.

342 3886 389 3942 rt.
406 3879 559 3955 Professus
572 3883 703 3957 quandia
714 3883 818 3958 iurasti
832 3882 914 3955 idque
927 3889 968 3938 est
981 3881 1076 3937 vitium
1089 3881 1190 3937 lormne
1205 3881 1334 3937 sublimis.

341 3976 389 4029 28.
404 3973 506 4042 Serpit
514 3969 607 4044 bsemi)
622 3972 743 4031 vilescit.

341 4064 379 4120 lb.
399 4064 494 4119 Tutus
507 4065 635 4119 mimium
649 4060 826 4135 timidusque
837 4059 992 4137 procellae)
1012 4062 1045 4117 Et
1058 4061 1085 4117 id
1099 4060 1192 4117 vitium
1205 4067 1247 4117 est
1260 4059 1362 4116 formae
1377 4061 1476 4117 tenuis.

341 4160 387 4213 29.
403 4158 477 4212 nen
488 4157 617 4228 auriam)
633 4159 730 4213 Poema
744 4171 840 4211 ornare
853 4155 955 4212 dictum
969 4171 985 4211 a
999 4161 1073 4211 veste
1087 4157 1170 4209 varia.

340 4247 378 4303 lb.
395 4245 617 4321 Prodibiuliter)
632 4249 704 4304 Miris
718 4246 822 4303 sabulis.

342 4344 387 4396 30.
404 4337 596 4414 Delphinum)
610 4339 688 4408 Quod
701 4355 753 4395 non
766 4340 816 4394 uisi
830 4339 855 4394 in
873 4338 1014 4394 universali
1029 4337 1129 4394 diluvio
1143 4337 1282 4404 eveniret,
1298 4342 1379 4416 atque
1393 4333 1420 4390 id
1435 4341 1523 4392 tamen
1636 4355 1640 4364 ⁴

309 4428 390 4500 ipsum
405 4431 432 4487 in
446 4432 569 4488 omnium
583 4433 691 4489 urbium
704 4474 711 4506 ,
726 4431 845 4505 gentium
860 4471 868 4501 ,
883 4429 1057 4485 animantium
1072 4429 1255 4485 submersione
1269 4435 1381 4497 notare,
1397 4431 1427 4480 ut
1438 4440 1472 4481 nc
1485 4425 1525 4481 di·

309 4535 362 4576 cam
375 4517 495 4591 ridiculi,
510 4525 585 4576 certe
599 4519 688 4591 pusitii
703 4520 800 4593 ingenii
814 4525 878 4574 nota
892 4524 974 4573 esset.

341 4610 389 4664 32.
405 4604 535 4678 Lusium}
550 4605 750 4676 Gladiatorium,
766 4606 837 4661 unde
851 4603 924 4659 italis
939 4603 1012 4658 venit
1025 4605 1162 4676 atrectare
1173 4601 1363 4658 di'selserma.

300 4734 306 4748 ,
341 4699 383 4753 st.
398 4699 519 4769 Ponere)
534 4697 719 4768 Componete:
735 4713 850 4768 namquo
864 4714 897 4753 ex
911 4711 971 4752 aere
987 4696 1154 4751 membratim
1168 4694 1317 4750 tunduntur
1327 4688 1450 4761 corporis
1461 4704 1524 4759 par·

311 4792 355 4863 tes,
368 4788 463 4847 deinde
476 4786 696 4845 ferruminamus.
711 4790 798 4860 Atque
811 4784 870 4842 heic
884 4784 1002 4842 recurrit
1017 4783 1141 4854 superius
1161 4789 1341 4852 praeceptum
1363 4778 1395 4835 dc
1417 4779 1520 4835 unitate
