3942 5592
754 558 757 562 .
1438 501 1494 562 175

312 598 414 659 rbem
427 597 564 659 seditiosi
579 612 711 657 rumores
723 599 819 675 nsaqis
830 592 955 677 differri,
968 611 1061 672 neque
1072 614 1091 656 a
1101 599 1189 659 dietis
1198 597 1286 676 sacta
1296 603 1441 680 sejuncta.
1454 603 1533 663 Nem

315 696 420 756 abbati
433 691 585 756 eumelio
598 693 728 754 borsines
742 699 776 754 in
790 694 1008 752 commercando
1020 693 1191 771 Philippeos
1201 712 1333 757 nummos
1343 700 1433 758 semel
1445 704 1534 775 atque

315 796 422 853 irenen
432 805 592 867 respuere3
604 795 677 864 quin
692 795 723 849 in
736 789 835 866 frusta
852 794 931 847 caesi
940 806 997 865 per
1007 789 1105 849 scalas
1118 798 1266 869 reqiarurn
1276 793 1407 868 aedium,
1420 798 1534 854 atrocia

309 879 463 959 perfidiae
489 884 589 958 siquo,
605 880 757 956 dissipati.
776 879 872 955 Iqitnr
887 879 1014 954 Proreu,
1028 883 1062 937 ut
1074 885 1157 941 ausis
1171 881 1284 941 obvians
1297 886 1355 943 iret
1378 901 1534 960 earumque

314 973 477 1033 maneret
492 976 635 1047 auctores,
656 988 764 1030 nouarn
777 977 865 1030 extra
880 973 1014 1032 ordinem
1027 976 1194 1049 majestatis
1214 979 1413 1049 quaestionem
1426 981 1534 1036 consti-

312 1067 391 1135 tuii3
401 1067 489 1142 eique
505 1063 633 1123 Felicem
644 1061 810 1121 Lanzinarn
827 1061 940 1122 lllloom
956 1061 1080 1127 Consilii
1094 1064 1286 1141 Neapolitani
1291 1064 1534 1140 lraesidem,rtl·

311 1155 460 1232 plionsum
471 1153 660 1215 Araeoelium
675 1158 787 1213 aerarii
795 1151 994 1227 Praefectum,
1015 1153 1191 1230 Greqorium
1204 1156 1363 1215 Mereatune
1377 1160 1404 1214 et
1419 1155 1532 1216 lanua-

312 1255 395 1309 riuus
418 1251 457 1310 ab
470 1249 604 1324 dudeco,
625 1252 813 1324 utrumquea
829 1246 1028 1307 sanctioribus
1043 1248 1185 1326 consiliis,
1194 1253 1368 1327 praeposuit
1386 1249 1529 1328 judices3

314 1339 481 1417 &rusteino
490 1337 637 1399 Biscardo
653 1338 810 1410 Quaestori
821 1341 935 1395 aerarii
944 1342 1167 1419 accusationem,
1187 1342 1347 1401 Francisco
1362 1342 1532 1401 Terresonio

312 1428 393 1488 urbis
407 1427 563 1506 staeseeti
572 1427 729 1487 Adsessori
742 1431 961 1503 inquisitionem
974 1428 1173 1488 deruendaait.

353 1525 452 1603 Atqroe
475 1520 529 1583 boe
552 1525 609 1584 loci
629 1526 756 1582 nemete
772 1524 961 1597 commodum,
974 1521 1079 1598 quibus
1092 1542 1132 1583 eu
1145 1531 1257 1586 caussis
1267 1531 1436 1606 conjuratio
1449 1536 1524 1610 orta,

308 1634 366 1694 per
379 1634 456 1693 quae
469 1618 615 1676 monaste
634 1614 820 1690 adolescens,
834 1618 866 1672 in
880 1629 934 1673 sua
945 1630 1038 1690 usque
1049 1618 1207 1676 novissima
1219 1622 1348 1695 ternpore
1361 1624 1452 1682 dueta
1466 1629 1516 1683 sit.

352 1711 525 1792 Leopoldus
541 1715 660 1788 Caesar,
667 1714 736 1789 jam
747 1712 816 1770 inde
829 1729 889 1788 quo
903 1710 1026 1773 Carolus
1038 1710 1076 1770 II
1087 1728 1253 1789 supremum
1264 1714 1332 1775 obiit
1346 1718 1435 1797 diem,
1451 1740 1470 1782 e
1484 1739 1529 1781 re·

310 1812 366 1883 qni
377 1804 565 1883 neapolitum
575 1809 678 1885 pneris
692 1809 882 1880 expertisque
895 1810 928 1865 in
942 1809 1049 1865 certene
1062 1824 1144 1883 spera
1154 1808 1313 1885 adductus,
1329 1808 1396 1884 sore
1406 1817 1440 1871 nl
1455 1816 1533 1876 Nea-

306 1904 442 1981 politani
453 1908 567 1963 uetusto
581 1905 701 1963 externi
715 1903 883 1962 dominatus
895 1902 1034 1978 fastidio,
1048 1902 1184 1979 Pbilippi
1194 1922 1314 1983 reqnurn
1327 1907 1529 1989 detrectarent,

309 2004 339 2063 et
355 2000 497 2062 walum
511 1999 704 2060 Arcbiducern
719 1997 856 2056 Austrsae
867 2002 934 2075 ejus
945 2001 1086 2058 minorem
1096 2003 1168 2058 natu
1177 1997 1288 2077 filiurn,
1299 2020 1385 2062 suurn
1395 2005 1453 2063 sibi
1466 2023 1531 2064 cer-

310 2098 428 2172 tumque
447 2100 585 2172 raperent
605 2111 712 2173 reqern,
724 2112 783 2174 qreo
798 2094 947 2170 Hispanos
961 2101 1041 2154 muni
1049 2112 1173 2171 prorsus
1189 2095 1281 2156 Italia
1305 2101 1478 2181 expelleret,
1494 2106 1530 2166 ia

308 2208 380 2251 sane
392 2205 536 2268 maqnum
545 2193 719 2250 momentum
733 2191 835 2250 duxit.
849 2188 1060 2266 Praeterquam
1070 2196 1145 2251 enirn
1160 2194 1240 2267 quod
1252 2194 1460 2274 siciliensium,
1475 2207 1530 2276 qui

308 2288 346 2348 ab
360 2283 573 2364 Neapolitanis
587 2281 651 2360 sere
662 2301 774 2360 seraper
787 2287 870 2362 requi
884 2283 1022 2359 eaenrpla
1035 2288 1132 2344 secuti
1156 2292 1233 2358 suat,
1245 2303 1371 2362 pronarn
1384 2296 1528 2351 accessio-

308 2393 374 2438 nem
392 2373 601 2434 arbitrabatur.
619 2373 775 2434 Praeterea
790 2377 930 2450 optimum
955 2373 1094 2451 bqbernis
1117 2379 1150 2434 in
1164 2374 1258 2435 ltalia
1279 2392 1400 2454 requam
1412 2386 1526 2458 metm,

307 2475 524 2548 septimianam
542 2469 706 2530 Mediolani
721 2474 989 2548 propuqnationem
1001 2469 1143 2548 Hispanis
1163 2470 1311 2548 Gallisque
1333 2491 1364 2534 se
1377 2471 1528 2550 facturum

307 2564 457 2641 sperabat.
475 2562 556 2621 Nem
566 2564 720 2640 stipendiis
733 2562 769 2622 ab
780 2579 868 2642 reqno
882 2558 1013 2625 teserem
1023 2567 1140 2623 omnino
1153 2566 1307 2641 impeditis,
1324 2569 1527 2631 eorumeotibns

307 2659 381 2719 inde
391 2663 455 2721 setis
467 2656 582 2717 abunde
595 2658 806 2733 suppeditatis,
822 2654 863 2715 ad
877 2654 948 2714 baec
967 2656 1083 2717 Galliae
1096 2657 1208 2718 uiribus
1224 2658 1266 2718 ad
1275 2655 1383 2732 finesa
1403 2662 1527 2720 Batavis

305 2755 336 2810 et
354 2752 509 2813 Germarm
523 2753 732 2830 protelandos,
748 2751 912 2827 Hispanias
936 2750 1192 2828 Mediolanumqae
1205 2752 1392 2813 obtinendum
1415 2754 1526 2815 distre·

305 2852 374 2921 etis,
391 2847 449 2908 bae
461 2851 548 2928 pram
556 2851 681 2924 insuper
702 2852 787 2924 reqni
799 2847 985 2924 neapolitani
998 2851 1025 2906 et
1036 2846 1162 2923 sortasse
1176 2853 1262 2908 etiarn
1275 2848 1431 2909 siciliensis
1445 2868 1526 2909 reere-

301 2941 438 3017 perandi
451 2940 572 3016 adjecto
594 2936 678 3013 mole,
694 2937 808 2996 nullnrn
829 2941 980 3012 nepotinm
994 2937 1132 3013 sutrerune
1141 2937 1362 3014 putabat‚qreia
1385 2938 1526 3016 Philippo

310 3031 407 3092 Italia
420 3035 524 3106 cuuto,
537 3033 592 3088 uia
609 3028 771 3104 Hispaniae
784 3031 965 3105 superarent.
984 3028 1078 3104 Iqitur
1099 3027 1230 3085 tribunos
1244 3025 1370 3084 militum
1387 3029 1525 3089 Curetum

312 3124 474 3198 &nquam
496 3125 523 3180 et
537 3121 681 3180 loannem
698 3117 877 3193 Carasaenm
889 3117 1095 3193 neapolitanos
1110 3118 1244 3191 Romans,
1259 3115 1310 3174 ubi
1323 3134 1343 3174 a
1356 3116 1459 3175 inultis
1469 3136 1524 3193 po

307 3211 434 3273 teretibus
442 3209 636 3284 soeb'osisque
645 3208 889 3285 uirisplurirnum
903 3208 963 3267 sibi
971 3210 1085 3283 qratiee
1095 3205 1259 3283 deberetur,
1270 3204 1362 3264 nullis
1377 3209 1450 3266 satis
1461 3226 1524 3268 eer-

307 3310 347 3367 tis
359 3302 590 3382 mandatis,sed
615 3320 656 3362 ea
676 3319 707 3360 re
721 3303 906 3362 consulturos
925 3301 1024 3379 mittit,
1037 3304 1069 3358 ut
1092 3305 1120 3360 si
1132 3298 1209 3376 sorte
1232 3302 1269 3361 de
1293 3318 1368 3360 nooo
1384 3298 1522 3378 Principe

306 3398 495 3477 neapolitani
507 3398 619 3458 diversi
632 3397 669 3455 ab
681 3398 823 3473 Hispanis
835 3402 922 3473 irent,
937 3401 1015 3456 eicos
1029 3396 1139 3455 eioibses
1146 3400 1267 3472 praesto
1281 3399 1387 3473 essent,
1403 3400 1430 3456 et
1441 3398 1522 3457 Nea·

305 3493 509 3571 politonorum
531 3491 565 3552 in
580 3494 720 3555 Ceratum
742 3495 844 3555 studia
861 3498 995 3557 Caesaris
1019 3497 1134 3552 nomine
1155 3491 1369 3568 continuarent.
1393 3494 1521 3570 Uterque

308 3590 385 3645 emin
398 3587 461 3642 erat
482 3601 523 3642 ea
542 3582 637 3642 nobili
655 3582 777 3660 seruilia
798 3589 888 3643 ortus.
907 3585 1078 3659 Sanqrinse
1100 3579 1426 3642 Sancto-lucidentiurn
1438 3582 1522 3642 Mer-

307 3676 473 3751 eliensibus,
486 3693 502 3735 e
523 3673 781 3735 Poticastrensium
797 3673 953 3736 comitibus
966 3672 1146 3750 Carersaeus,
1160 3672 1255 3749 ambo,
1269 3690 1375 3749 ercqno
1389 3672 1459 3732 belli
1469 3690 1523 3748 po

306 3776 407 3847 tentem
421 3771 463 3830 ad
477 3771 697 3848 Imperatorem,
713 3773 785 3831 durn
799 3767 894 3846 licuit,
907 3773 1021 3827 iverant
1036 3769 1203 3845 militatum,
1217 3768 1315 3843 ibique
1328 3767 1397 3826 boni
1407 3765 1448 3825 ad
1460 3781 1521 3827 reru

307 3868 399 3924 annis
412 3865 587 3924 emmaum
596 3865 808 3940 parendumque
817 3866 942 3937 spectati
955 3873 1032 3922 sunt.
1051 3863 1111 3923 Sed
1126 3863 1269 3937 Srenqrius
1281 3863 1375 3919 animi
1389 3858 1519 3935 abditus,

310 3950 472 4028 &eulaeus
495 3955 629 4028 intectus,
643 3952 697 4011 ubi
714 3951 836 4010 Ilornarn
851 3953 1024 4027 adveniunt,
1040 3957 1129 4028 qnasi
1143 3956 1212 4028 jorn
1232 3948 1268 4007 ab
1284 3947 1465 4023 Imperatore
1479 3949 1521 4006 ad

307 4043 477 4123 Philippum
490 4046 661 4120 descissent,
676 4043 717 4102 ad
731 4042 861 4118 Hispani
871 4045 958 4121 Reqis
973 4047 1165 4105 administros
1184 4059 1216 4100 se
1230 4039 1393 4117 applicant.
1410 4038 1519 4114 Hispa·

306 4141 415 4203 muisis
428 4141 568 4220 leqetus,
578 4156 679 4200 eorum
692 4137 782 4216 officio
797 4142 996 4199 cominendato
1011 4148 1042 4200 in
1049 4141 1136 4216 fidem
1149 4141 1265 4214 recipit,
1279 4137 1473 4211 hortaturque
1486 4140 1520 4194 nt

307 4234 463 4312 Neapolim
482 4241 678 4312 cornnn'qrent.
695 4238 758 4296 Nec
777 4238 911 4295 meritum
928 4251 1027 4295 eornm
1041 4235 1245 4312 amplitudini,
1257 4233 1341 4310 fidei,
1366 4251 1401 4291 ae
1415 4237 1519 4292 uirtuti

307 4327 399 4388 tuum
423 4329 605 4411 defuturum,
622 4331 698 4391 bello
707 4335 960 4408 praesertirnjam
974 4334 1139 4390 imminente
1159 4328 1331 4405 pollicetur.
1348 4326 1408 4386 Sed
1431 4330 1524 4387 Cara·

306 4419 443 4502 [aenean
458 4429 529 4501 quia
542 4431 658 4504 ineptus
673 4431 815 4503 incoeptis
828 4431 922 4498 visus,
931 4428 1012 4502 qnod
1020 4426 1115 4484 multa
1126 4424 1270 4502 perfidiae
1279 4425 1421 4499 proderet
1434 4439 1521 4498 erqu-

305 4523 453 4596 nemean
466 4525 547 4599 quod
560 4525 668 4600 diqnes
681 4527 749 4582 ausi
762 4525 898 4582 pertenet
908 4539 1022 4597 poenos
1035 4528 1068 4580 in
1079 4523 1262 4582 Garnaniern
1278 4520 1367 4594 redit,
1376 4516 1520 4592 Sanqrins

305 4607 341 4667 ab
354 4609 448 4671 anilis
457 4613 587 4672 mabam
597 4618 735 4674 assusatus
749 4617 987 4690 r·ernensit‚·eique
993 4630 1059 4672 mern
1071 4610 1223 4688 Philippus
1232 4605 1518 4687 poeateadreqnune

306 4701 447 4779 Neapolis
456 4706 568 4765 iautson
576 4710 714 4782 exceptus
727 4709 1007 4783 essetpequiequam
1015 4722 1060 4765 res
1064 4702 1328 4780 primooeeidit‚e'ta
1343 4702 1375 4756 nt
1389 4705 1518 4760 animum
