3942 5592
296 1616 307 1647 h

615 607 659 668 Sit
672 605 775 666 Medea
788 603 879 680 feroc
891 607 1077 680 ehoietaqete5
1087 602 1196 680 flebitis
1211 601 1279 673 Istoc

617 702 751 779 Perfidus
765 699 870 772 letam·
887 701 921 761 Io
932 717 1023 777 auom·
1038 703 1136 761 tristis
1149 701 1274 760 Orestes.

618 797 737 876 Siquid
749 801 933 874 inexpertam
948 813 1051 859 seeaoe
1063 799 1226 869 committis,
1240 798 1267 855 et
1281 795 1374 857 codes

614 892 770 956 lbrsonem
784 890 917 968 ,formare
929 909 1050 964 novttm3
1065 895 1197 953 servetur
1211 893 1254 953 ad
1265 894 1355 951 imam

597 1044 601 1056 ,
615 986 718 1060 (hoelis
732 987 769 1048 ab
783 991 898 1064 incepto
907 991 1091 1064 processerit,
1109 991 1136 1046 et
1149 985 1208 1046 sibi
1221 988 1342 1045 constet.

615 1075 740 1155 Difficile
751 1082 806 1153 est,
816 1081 942 1154 proprie
951 1082 1116 1136 communio
1126 1077 1237 1145 dicere3
1250 1078 1340 1151 taque

618 1176 730 1236 tleetr'as
745 1173 870 1234 Iliacum
883 1187 1003 1232 casarea
1016 1173 1135 1233 dtdtteis
1146 1175 1182 1229 ia
1192 1172 1291 1244 oetas,

614 1265 709 1338 mam
722 1273 749 1328 st
757 1264 913 1344 proferres
927 1266 1029 1342 iqnota
1039 1265 1207 1338 retectaque
1218 1265 1345 1336 primos.
1617 1268 1673 1327 tat)

621 1360 744 1422 Pabttec
755 1364 891 1420 materies
900 1361 1015 1434 precati
1027 1362 1103 1418 tetris
1117 1363 1184 1433 erit,
1200 1359 1228 1415 si
1525 1356 1527 1359 ’

457 1487 602 1542 Homerum
615 1485 721 1555 graecis
735 1480 843 1553 populis
857 1478 992 1536 lerocibus
1007 1479 1095 1536 adhue
1109 1481 1239 1538 cecinisse
1252 1483 1360 1539 Achillis
1373 1493 1449 1559 gesta
1463 1529 1470 1554 ,
1491 1502 1561 1558 qtrac
1574 1503 1669 1542 recur-

457 1582 531 1631 rente
545 1574 665 1630 barbaric
679 1580 772 1647 gentes
786 1583 942 1642 suspexere,
957 1575 984 1624 et
995 1575 1058 1625 sunt
1071 1568 1226 1643 admiratae,
1240 1587 1310 1644 quae
1324 1573 1484 1632 dicebantur
1497 1581 1631 1632 Bracare
1641 1575 1672 1629 di

456 1664 610 1722 darellaoti.

442 1817 449 1825 ,
499 1761 561 1813 tta.
577 1751 708 1828 Deificile
720 1757 771 1812 est,
784 1753 904 1825 proprie
917 1751 1089 1806 communio
1100 1748 1205 1824 dicere)
1220 1753 1277 1809 ssoc
1292 1753 1319 1809 in
1332 1753 1393 1811 loco
1407 1771 1499 1811 omnes
1513 1756 1671 1825 interpretes

450 1849 515 1899 sunt
533 1843 629 1898 misere
643 1840 815 1898 hallucinati:
832 1839 897 1895 dicit
909 1841 979 1894 enim
994 1839 1121 1894 limatius
1141 1836 1247 1896 difficile
1267 1856 1327 1896 csse
1344 1858 1378 1898 ex
1395 1843 1538 1916 generibus
1557 1844 1677 1914 philoso-

444 1932 531 2003 phicis
556 1934 709 2006 confingere
721 1946 824 2005 genero
837 1932 943 2000 poetica
957 1970 965 1996 ,
981 1929 1037 1984 sive
1051 1943 1179 1999 personas
1194 1930 1294 1989 idealos
1308 1933 1519 2004 tragoediarum.
1543 1935 1595 1990 Sed
1608 1935 1675 1991 haec

447 2022 592 2081 dillicultas
613 2021 715 2078 obtinet
729 2021 754 2075 iu
769 2017 912 2091 tragoediis
925 2060 933 2090 ,
948 2024 977 2074 et
990 2018 1016 2073 io
1030 2017 1168 2074 comoedia
1181 2035 1251 2075 nova
1264 2021 1359 2076 Graeci
1373 2021 1399 2077 id
1413 2023 1503 2092 ipsum
1516 2029 1544 2077 et
1558 2022 1634 2077 lacilo
1647 2029 1675 2077 ct

446 2116 555 2173 feliciter
568 2118 735 2186 praestitere,
761 2114 842 2170 cuius
855 2103 984 2185 personas
999 2112 1102 2168 nonnisi
1116 2114 1303 2184 acgeneribus
1317 2114 1508 2185 philosophicis
1523 2118 1622 2187 bttgcrc
1632 2117 1675 2173 ius

450 2200 511 2257 luit.
529 2201 557 2257 ld
572 2217 635 2256 sane
651 2202 743 2257 turbat
754 2199 888 2273 quidquid
901 2199 1033 2255 hactenus
1053 2198 1086 2254 dc
1105 2215 1225 2269 poeseos
1245 2200 1346 2271 origine
1364 2202 1496 2272 scriptum
1516 2201 1674 2274 dictumque

449 2288 493 2343 sit.
509 2291 575 2343 Nam
590 2286 768 2359 philosophia,
782 2287 939 2359 artibusque
952 2287 1056 2356 poetica
1070 2293 1097 2340 ct
1110 2286 1204 2342 critica
1217 2288 1343 2352 inventis,
1359 2289 1450 2344 nullus
1461 2294 1537 2360 poeta
1547 2291 1674 2348 heroicus

450 2378 564 2432 llamero
577 2375 674 2444 extitit,
689 2375 789 2431 nedum
803 2376 898 2445 maior,
914 2374 955 2429 vel
969 2388 1039 2444 par3
1055 2372 1157 2429 sedvel
1172 2375 1392 2445 praestantissimi
1405 2377 1429 2431 ei
1450 2381 1514 2431 sunt
1533 2376 1614 2448 longo
1635 2377 1674 2432 in·

451 2464 564 2521 tervallo
578 2463 699 2521 secundi.
715 2464 787 2519 liaeo
800 2462 923 2534 qttaestio
936 2477 968 2516 ex
981 2464 1080 2516 Novae
1089 2463 1237 2518 Scieatioe
1250 2466 1415 2538 Principiis
1429 2464 1603 2532 dissolvitur,
1618 2479 1675 2536 qua

449 2555 649 2613 demonstratur
662 2554 762 2626 primos
776 2568 937 2626 graecarum
951 2561 983 2608 ut
995 2557 1023 2609 et
1035 2548 1149 2606 aliarum
1163 2552 1284 2624 gentium
1297 2545 1454 2610 laudatores
1474 2561 1570 2611 natura
1589 2553 1673 2610 tuisse

450 2649 565 2715 poetas3
580 2642 626 2715 qui
640 2657 705 2698 cum
718 2640 879 2714 praeinsigni
893 2640 1010 2697 ruditate
1024 2638 1246 2710 pbilosophorum
1260 2657 1359 2714 genera
1372 2640 1517 2715 intelligere
1536 2657 1589 2696 non
1610 2657 1674 2712 pos·

450 2739 521 2806 sent,
535 2738 561 2789 et
575 2733 610 2789 ad
624 2732 748 2789 scientias
762 2773 769 2804 ,
784 2745 854 2804 quae
868 2731 924 2787 sine
937 2729 1068 2789 eiusmodi
1080 2731 1224 2802 generibus
1237 2747 1290 2787 non
1304 2738 1449 2804 constant,
1471 2731 1521 2786 iter
1534 2731 1672 2790 intendere

448 2821 595 2896 primulum
608 2828 781 2891 conarentur,
792 2822 926 2894 quaedam
941 2821 989 2876 sibi
1002 2819 1117 2876 illustria
1129 2820 1250 2892 exempla
1264 2820 1382 2893 tinxere,
1398 2821 1431 2878 ad
1444 2837 1515 2893 quae
1529 2829 1669 2894 tamquam
1694 2891 1698 2899 Ι

447 2928 546 2986 genera
559 2911 608 2982 ipsi
620 2911 707 2966 omnia
721 2911 820 2983 cuique
834 2910 926 2982 generi
940 2909 1098 2981 pertinentia
1111 2907 1283 2980 affingebant,
1298 2915 1327 2964 et
1339 2923 1402 2964 saue
1412 2924 1535 2981 quaeque
1547 2908 1672 2965 luculen-

448 2997 550 3055 tissima
563 3039 571 3067 ,
586 3012 655 3069 quae
670 3012 736 3068 pene
749 2998 842 3054 brutas
856 2998 977 3068 ipsorum
993 3003 1095 3053 mentes
1108 2996 1227 3053 excitare
1238 3004 1266 3051 et
1279 2997 1305 3050 in
1318 3011 1347 3051 sc
1360 3003 1520 3053 convertero
1537 3005 1669 3068 possent,

448 3095 480 3144 ut
492 3090 582 3144 omnia
596 3088 673 3144 sortia
687 3089 757 3143 lacta
771 3087 866 3144 Achilli
879 3131 887 3160 ,
902 3087 978 3163 Ulyxi
993 3086 1082 3144 omnia
1095 3084 1190 3142 sedula
1204 3084 1333 3141 consilia:
1350 3101 1420 3156 quae
1434 3086 1467 3141 ab
1482 3086 1608 3142 universa
1622 3102 1670 3142 na·

446 3179 516 3235 done
530 3179 645 3235 conficta
658 3179 691 3235 ob
704 3178 729 3234 id
746 3186 822 3234 crant
836 3180 953 3235 maxime
971 3177 1061 3234 sensui
1080 3176 1217 3232 communi
1235 3175 1436 3247 convenientia3
1451 3175 1478 3230 in
1491 3191 1545 3246 quo
1561 3183 1669 3246 praeter

444 3278 536 3327 cetera
548 3272 682 3340 poeticum
697 3271 827 3328 decorum
844 3277 992 3341 spectatur.
1008 3270 1080 3325 ilaec
1095 3269 1150 3324 duo
1163 3268 1269 3339 poetica
1280 3267 1406 3322 historiae
1427 3268 1548 3323 subiecta
1566 3268 1666 3323 llonrc·

446 3375 494 3414 rus
508 3359 634 3428 sumpsit,
649 3359 765 3415 alterum
776 3357 894 3435 Iliadis,
911 3358 1029 3414 alterum
1045 3356 1199 3430 Odysseae.
1215 3357 1281 3411 ilinc
1296 3355 1363 3412 illud
1375 3363 1433 3426 est,
1448 3356 1522 3427 quoti
1536 3357 1669 3414 Aristote-

446 3446 486 3504 les
500 3448 525 3502 in
540 3452 612 3504 Arte
627 3450 745 3506 Poetico
758 3448 895 3505 mendacia
909 3450 1015 3519 poetico
1028 3447 1061 3503 ab
1075 3463 1129 3503 ano
1142 3449 1259 3504 llomero
1273 3447 1339 3502 scite
1353 3453 1506 3503 commenta
1527 3447 1594 3503 dixit
1608 3468 1616 3519 ς
1637 3449 1665 3505 id

447 3556 560 3596 numero
574 3541 662 3610 ipsum
674 3541 747 3612 quod
761 3539 886 3602 llarctius
900 3539 960 3594 heic
974 3539 1048 3609 dicit,
1063 3552 1096 3593 ex
1108 3539 1224 3594 llornero
1235 3543 1394 3610 argumenta
1406 3539 1608 3610 tragoediarum
1619 3555 1669 3592 su·

450 3631 546 3687 menda
559 3647 637 3688 csse:
659 3633 721 3704 quia
737 3634 870 3689 llomerus
883 3637 1001 3702 tempore
1016 3631 1125 3687 heroico
1139 3629 1247 3700 lloruit,
1269 3646 1323 3701 quo
1337 3628 1493 3685 naturaliter
1507 3631 1539 3685 ab
1553 3630 1662 3685 Graecis

446 3720 578 3787 ejusmodi
593 3720 762 3776 characteres
776 3717 876 3775 heroici
890 3716 1119 3787 exprimebantur.
1135 3717 1169 3770 nt
1182 3730 1245 3771 vcro
1260 3729 1324 3769 cum
1338 3731 1354 3770 a
1366 3713 1485 3768 Socratis
1496 3719 1663 3789 temporibus

448 3803 559 3858 Graecia
572 3803 606 3859 ad
619 3803 829 3859 excultissimam
844 3803 1035 3859 humanitatem
1050 3801 1224 3872 pervenisset,
1239 3818 1272 3857 en
1284 3805 1427 3875 generibus
1440 3845 1448 3873 ,
1462 3819 1531 3875 quac
1546 3804 1664 3875 philoso-

449 3896 494 3964 pbi
509 3896 541 3951 de
556 3894 679 3950 humanis
693 3897 812 3952 moribus
835 3896 1036 3965 intellexerant,
1058 3893 1129 3949 unde
1150 3909 1255 3950 ntorum
1275 3895 1447 3952 characteres
1460 3894 1561 3966 'postea
1580 3899 1667 3954 l'heo-

451 3983 577 4052 pluastus
591 3999 639 4053 per
652 4000 750 4056 genera
765 3982 949 4054 philosophica
964 3983 1073 4052 scripsit
1085 4002 1092 4053 3
1109 3997 1193 4037 novae
1207 3984 1345 4042 contediae
1359 4000 1458 4058 genera
1471 3986 1595 4059 poetica,
1611 3988 1667 4043 sive

448 4073 630 4143 characteres,
645 4075 700 4130 sive
714 4091 842 4147 personae
855 4073 932 4130 lacile
945 4090 960 4129 c
974 4074 1118 4130 llcoandro
1131 4075 1192 4129 eius
1207 4076 1328 4147 principe
1341 4078 1455 4132 conlicta
1469 4081 1541 4143 sunt,
1552 4091 1622 4147 quae
1635 4076 1662 4132 in

442 4164 545 4220 theatro
560 4164 658 4237 vulgus
672 4169 742 4223 vitae
756 4168 845 4224 officia
859 4168 1004 4237 docerent,
1019 4166 1093 4238 quod
1104 4174 1135 4222 ut
1147 4184 1245 4240 genera
1261 4169 1442 4244 metaphysica
1455 4167 1562 4223 dillicile
1576 4168 1664 4239 perci·

442 4254 490 4325 pit,
504 4255 540 4309 ita
554 4254 632 4311 facile
646 4256 797 4316 illustribus
808 4266 931 4316 movetur
943 4257 1082 4328 exemplis.

483 4350 546 4402 131.
563 4345 690 4404 Publica
703 4352 849 4423 ntotmtesl
863 4351 912 4406 llic
927 4349 1005 4405 locus
1019 4350 1052 4405 ab
1066 4350 1255 4422 interpretibus
1270 4352 1358 4408 adbuc
1373 4348 1524 4406 intellectus
1538 4357 1659 4424 nonest,

441 4431 515 4504 quoti
528 4433 728 4490 eruditissimus
742 4439 862 4494 Andreas
875 4439 971 4496 liacier
985 4438 1010 4493 iu
1025 4439 1082 4494 suis
1096 4440 1216 4497 adhunc
1236 4440 1326 4497 locum
1346 4439 1416 4493 notis
1438 4439 1569 4509 agnoscit.
1591 4441 1664 4497 bictt

445 4523 516 4576 onim
531 4523 657 4578 lloratius
671 4528 744 4596 quod
756 4528 879 4603 publico
893 4534 1040 4601 materies,
1055 4532 1106 4587 hoc
1119 4539 1161 4588 cst
1174 4533 1262 4589 tabula
1275 4532 1420 4588 homerica.

418 4613 420 4616 ‘
480 4611 517 4663 lb.
535 4607 647 4666 Priooti
662 4616 738 4672 iaris
751 4620 814 4688 erit-l
831 4621 887 4673 l'iet
899 4618 988 4674 subulo
1003 4620 1120 4690 propria.

477 4700 516 4754 lb.
530 4703 563 4756 Si
578 4733 590 4742 -
602 4707 661 4758 Nec
673 4711 755 4763 circo
764 4694 851 4765 vilem
859 4706 1057 4785 patellamque
1069 4714 1229 4769 nroroberis
1239 4710 1345 4782 orbem)
1358 4711 1406 4767 Ubi
1416 4709 1573 4779 interpretes
1585 4724 1665 4778 pror-

443 4805 489 4841 sus
502 4799 640 4860 nugantur
655 4837 660 4864 ,
686 4812 770 4864 quum
791 4796 889 4856 orbem
903 4799 989 4855 ritem
1000 4797 1196 4873 patulumque
1208 4804 1345 4868 entioouut
1359 4797 1439 4867 longa
1458 4793 1585 4866 epistilia·
1609 4797 1663 4851 Sed
