<?xml version="1.0" encoding="UTF-8"?>
<!DOCTYPE html PUBLIC "-//W3C//DTD XHTML 1.0 Transitional//EN"
    "http://www.w3.org/TR/xhtml1/DTD/xhtml1-transitional.dtd">
<html xmlns="http://www.w3.org/1999/xhtml" xml:lang="en" lang="en">
 <head>
  <title>
</title>
<meta http-equiv="Content-Type" content="text/html;charset=utf-8" />
  <meta name='ocr-system' content='tesseract 3.04.00' />
  <meta name='ocr-capabilities' content='ocr_page ocr_carea ocr_par ocr_line ocrx_word'/>
</head>
<body>
  <div class='ocr_page' id='page_1' title='image "./operedigiambatt01ferrgoog_0045.png"; bbox 0 0 3942 5592; ppageno 0'>
   <div class='ocr_carea' id='block_1_1' title="bbox 885 631 1102 764">
    <p class='ocr_par' dir='ltr' id='par_1_1' title="bbox 885 631 1102 764">
     <span class='ocr_line' id='line_1_1' title="bbox 885 631 1102 764; baseline -0.009 -35"><span class='ocrx_word' id='word_1_1' title='bbox 885 631 1102 764; x_wconf 82' lang='lat' dir='ltr'><strong><em>sona</em></strong></span> 
     </span>
    </p>
   </div>
   <div class='ocr_carea' id='block_1_2' title="bbox 727 849 1258 913">
    <p class='ocr_par' dir='ltr' id='par_1_2' title="bbox 727 849 1258 913">
     <span class='ocr_line' id='line_1_2' title="bbox 727 849 1258 913; baseline -0.011 -1"><span class='ocrx_word' id='word_1_2' title='bbox 727 854 898 913; x_wconf 74' lang='lat' dir='ltr'><strong><em>xtn’ntrtu</em></strong></span> <span class='ocrx_word' id='word_1_3' title='bbox 918 853 1061 912; x_wconf 70' lang='lat' dir='ltr'><strong><em>pourton</em></strong></span> <span class='ocrx_word' id='word_1_4' title='bbox 1081 853 1113 909; x_wconf 84' lang='lat' dir='ltr'><strong><em>bt</em></strong></span> <span class='ocrx_word' id='word_1_5' title='bbox 1134 849 1258 909; x_wconf 78' lang='lat' dir='ltr'><strong><em>oxnzm</em></strong></span> 
     </span>
    </p>
   </div>
   <div class='ocr_carea' id='block_1_3' title="bbox 880 984 1107 1104">
    <p class='ocr_par' dir='ltr' id='par_1_3' title="bbox 880 984 1107 1104">
     <span class='ocr_line' id='line_1_3' title="bbox 880 984 1107 1104; baseline -0.013 -16"><span class='ocrx_word' id='word_1_6' title='bbox 880 984 971 1104; x_wconf 70' lang='lat' dir='ltr'><strong><em>{bopo</em></strong></span> <span class='ocrx_word' id='word_1_7' title='bbox 985 1029 1002 1086; x_wconf 92' lang='lat' dir='ltr'><strong><em>il</em></strong></span> <span class='ocrx_word' id='word_1_8' title='bbox 1016 1028 1107 1100; x_wconf 71' lang='lat'><strong>1730)</strong></span> 
     </span>
    </p>
   </div>
   <div class='ocr_carea' id='block_1_4' title="bbox 538 1244 1603 2725">
    <p class='ocr_par' dir='ltr' id='par_1_4' title="bbox 541 1244 1392 1699">
     <span class='ocr_line' id='line_1_4' title="bbox 583 1244 1346 1329; baseline -0.003 -19"><span class='ocrx_word' id='word_1_9' title='bbox 583 1247 717 1310; x_wconf 85' lang='lat' dir='ltr'><strong><em>Humano</em></strong></span> <span class='ocrx_word' id='word_1_10' title='bbox 731 1255 825 1328; x_wconf 84' lang='lat' dir='ltr'><strong><em>cupiti</em></strong></span> <span class='ocrx_word' id='word_1_11' title='bbox 837 1256 978 1312; x_wconf 77' lang='lat' dir='ltr'><strong><em>ceruicem</em></strong></span> <span class='ocrx_word' id='word_1_12' title='bbox 986 1254 1085 1329; x_wconf 88' lang='lat' dir='ltr'><strong><em>pictor</em></strong></span> <span class='ocrx_word' id='word_1_13' title='bbox 1099 1256 1238 1328; x_wconf 84' lang='lat' dir='ltr'><strong><em>equinam</em></strong></span> <span class='ocrx_word' id='word_1_14' title='bbox 1342 1244 1346 1250; x_wconf 78' lang='grc'><strong>’</strong></span> 
     </span>
     <span class='ocr_line' id='line_1_5' title="bbox 544 1341 1392 1422; baseline -0.004 -19"><span class='ocrx_word' id='word_1_15' title='bbox 544 1343 670 1422; x_wconf 85' lang='lat' dir='ltr'><strong><em>Iunqere</em></strong></span> <span class='ocrx_word' id='word_1_16' title='bbox 682 1347 711 1403; x_wconf 87' lang='lat' dir='ltr'><strong><em>st</em></strong></span> <span class='ocrx_word' id='word_1_17' title='bbox 723 1341 803 1419; x_wconf 86' lang='lat' dir='ltr'><strong><em>uelit,</em></strong></span> <span class='ocrx_word' id='word_1_18' title='bbox 819 1347 846 1404; x_wconf 91' lang='lat' dir='ltr'><strong><em>et</em></strong></span> <span class='ocrx_word' id='word_1_19' title='bbox 858 1346 959 1403; x_wconf 84' lang='lat' dir='ltr'><strong><em>curios</em></strong></span> <span class='ocrx_word' id='word_1_20' title='bbox 969 1342 1106 1403; x_wconf 86' lang='lat' dir='ltr'><strong><em>inducere</em></strong></span> <span class='ocrx_word' id='word_1_21' title='bbox 1115 1342 1236 1419; x_wconf 84' lang='lat' dir='ltr'><strong><em>ptumus</em></strong></span> <span class='ocrx_word' id='word_1_22' title='bbox 1317 1405 1319 1408; x_wconf 64' lang='grc'><strong>,</strong></span> <span class='ocrx_word' id='word_1_23' title='bbox 1389 1343 1392 1349; x_wconf 82' lang='grc'><strong>“</strong></span> 
     </span>
     <span class='ocr_line' id='line_1_6' title="bbox 549 1432 1267 1512; baseline -0.01 -16"><span class='ocrx_word' id='word_1_24' title='bbox 549 1434 681 1512; x_wconf 84' lang='lat' dir='ltr'><strong><em>Undique</em></strong></span> <span class='ocrx_word' id='word_1_25' title='bbox 693 1432 808 1495; x_wconf 85' lang='lat' dir='ltr'><strong><em>collutis</em></strong></span> <span class='ocrx_word' id='word_1_26' title='bbox 821 1433 967 1510; x_wconf 73' lang='lat' dir='ltr'><strong><em>menbris,</em></strong></span> <span class='ocrx_word' id='word_1_27' title='bbox 981 1439 1016 1494; x_wconf 89' lang='lat' dir='ltr'><strong><em>ut</em></strong></span> <span class='ocrx_word' id='word_1_28' title='bbox 1030 1436 1158 1510; x_wconf 74' lang='lat' dir='ltr'><strong><em>turpiter</em></strong></span> <span class='ocrx_word' id='word_1_29' title='bbox 1171 1435 1267 1493; x_wconf 83' lang='lat' dir='ltr'><strong><em>etcum</em></strong></span> 
     </span>
     <span class='ocr_line' id='line_1_7' title="bbox 541 1523 1345 1603; baseline -0.007 -14"><span class='ocrx_word' id='word_1_30' title='bbox 541 1526 662 1589; x_wconf 76' lang='lat' dir='ltr'><em>Desinat</em></span> <span class='ocrx_word' id='word_1_31' title='bbox 674 1533 706 1586; x_wconf 88' lang='lat' dir='ltr'><strong><em>in</em></strong></span> <span class='ocrx_word' id='word_1_32' title='bbox 716 1530 826 1603; x_wconf 78' lang='lat' dir='ltr'><strong><em>piscem</em></strong></span> <span class='ocrx_word' id='word_1_33' title='bbox 839 1525 946 1585; x_wconf 86' lang='lat' dir='ltr'><strong><em>multer</em></strong></span> <span class='ocrx_word' id='word_1_34' title='bbox 954 1523 1086 1601; x_wconf 78' lang='lat' dir='ltr'><strong><em>fonnosu</em></strong></span> <span class='ocrx_word' id='word_1_35' title='bbox 1099 1542 1234 1603; x_wconf 81' lang='lat' dir='ltr'><strong><em>supeme,</em></strong></span> <span class='ocrx_word' id='word_1_36' title='bbox 1338 1584 1345 1597; x_wconf 74' lang='grc'>,</span> 
     </span>
     <span class='ocr_line' id='line_1_8' title="bbox 542 1622 1216 1699; baseline -0.006 -15"><span class='ocrx_word' id='word_1_37' title='bbox 542 1623 708 1699; x_wconf 73' lang='lat' dir='ltr'><strong><em>Spectatum</em></strong></span> <span class='ocrx_word' id='word_1_38' title='bbox 720 1623 843 1684; x_wconf 84' lang='lat' dir='ltr'><strong><em>admissi</em></strong></span> <span class='ocrx_word' id='word_1_39' title='bbox 855 1627 947 1684; x_wconf 82' lang='lat' dir='ltr'><strong><em>risum</em></strong></span> <span class='ocrx_word' id='word_1_40' title='bbox 962 1626 1085 1684; x_wconf 77' lang='lat' dir='ltr'><strong><em>sewun</em></strong></span> <span class='ocrx_word' id='word_1_41' title='bbox 1099 1627 1190 1684; x_wconf 77' lang='lat' dir='ltr'><strong><em>nmini</em></strong></span> <span class='ocrx_word' id='word_1_42' title='bbox 1198 1622 1216 1680; x_wconf 78' lang='lat' dir='ltr'><strong><em>i·</em></strong></span> 
     </span>
    </p>

    <p class='ocr_par' dir='ltr' id='par_1_5' title="bbox 545 1710 1219 1790">
     <span class='ocr_line' id='line_1_9' title="bbox 545 1710 1219 1790; baseline -0.006 -17"><span class='ocrx_word' id='word_1_43' title='bbox 545 1710 673 1789; x_wconf 76' lang='lat' dir='ltr'><strong><em>Credite,</em></strong></span> <span class='ocrx_word' id='word_1_44' title='bbox 688 1713 821 1790; x_wconf 86' lang='lat' dir='ltr'><strong><em>Pisones,</em></strong></span> <span class='ocrx_word' id='word_1_45' title='bbox 835 1714 886 1772; x_wconf 88' lang='lat' dir='ltr'><strong><em>isti</em></strong></span> <span class='ocrx_word' id='word_1_46' title='bbox 898 1712 1017 1772; x_wconf 84' lang='lat' dir='ltr'><strong><em>tabulae</em></strong></span> <span class='ocrx_word' id='word_1_47' title='bbox 1030 1710 1097 1788; x_wconf 80' lang='lat' dir='ltr'><strong><em>fore</em></strong></span> <span class='ocrx_word' id='word_1_48' title='bbox 1110 1711 1219 1771; x_wconf 82' lang='lat' dir='ltr'><strong><em>tibrum</em></strong></span> 
     </span>
    </p>

    <p class='ocr_par' dir='ltr' id='par_1_6' title="bbox 543 1802 1278 1882">
     <span class='ocr_line' id='line_1_10' title="bbox 543 1802 1278 1882; baseline -0.001 -19"><span class='ocrx_word' id='word_1_49' title='bbox 543 1803 734 1878; x_wconf 71' lang='lat' dir='ltr'><strong><em>Poscentem,</em></strong></span> <span class='ocrx_word' id='word_1_50' title='bbox 748 1806 841 1880; x_wconf 78' lang='lat' dir='ltr'><strong><em>udus,</em></strong></span> <span class='ocrx_word' id='word_1_51' title='bbox 857 1802 939 1864; x_wconf 85' lang='lat' dir='ltr'><strong><em>vetut</em></strong></span> <span class='ocrx_word' id='word_1_52' title='bbox 952 1809 1036 1882; x_wconf 86' lang='lat' dir='ltr'><strong><em>neqri</em></strong></span> <span class='ocrx_word' id='word_1_53' title='bbox 1046 1805 1172 1879; x_wconf 82' lang='lat' dir='ltr'><strong><em>coronio,</em></strong></span> <span class='ocrx_word' id='word_1_54' title='bbox 1182 1817 1278 1862; x_wconf 86' lang='lat' dir='ltr'><strong><em>cunae</em></strong></span> 
     </span>
    </p>

    <p class='ocr_par' dir='ltr' id='par_1_7' title="bbox 542 1898 1267 1978">
     <span class='ocr_line' id='line_1_11' title="bbox 542 1898 1267 1978; baseline -0.001 -20"><span class='ocrx_word' id='word_1_55' title='bbox 542 1898 704 1974; x_wconf 83' lang='lat' dir='ltr'><strong><em>Finqentuc</em></strong></span> <span class='ocrx_word' id='word_1_56' title='bbox 717 1902 839 1977; x_wconf 87' lang='lat' dir='ltr'><strong><em>species,</em></strong></span> <span class='ocrx_word' id='word_1_57' title='bbox 853 1903 887 1958; x_wconf 91' lang='lat' dir='ltr'><strong><em>ut</em></strong></span> <span class='ocrx_word' id='word_1_58' title='bbox 899 1917 952 1960; x_wconf 92' lang='lat' dir='ltr'><strong><em>nec</em></strong></span> <span class='ocrx_word' id='word_1_59' title='bbox 960 1917 1028 1978; x_wconf 87' lang='lat' dir='ltr'><strong><em>pes,</em></strong></span> <span class='ocrx_word' id='word_1_60' title='bbox 1043 1917 1095 1961; x_wconf 89' lang='lat' dir='ltr'><strong><em>nec</em></strong></span> <span class='ocrx_word' id='word_1_61' title='bbox 1108 1906 1200 1978; x_wconf 88' lang='lat' dir='ltr'><strong><em>caput</em></strong></span> <span class='ocrx_word' id='word_1_62' title='bbox 1213 1902 1267 1957; x_wconf 84' lang='lat' dir='ltr'><strong><em>uni</em></strong></span> 
     </span>
    </p>

    <p class='ocr_par' dir='ltr' id='par_1_8' title="bbox 545 1993 1216 2075">
     <span class='ocr_line' id='line_1_12' title="bbox 545 1993 1216 2075; baseline 0.004 -20"><span class='ocrx_word' id='word_1_63' title='bbox 545 1993 695 2056; x_wconf 81' lang='lat' dir='ltr'><strong><em>Reddatur</em></strong></span> <span class='ocrx_word' id='word_1_64' title='bbox 702 1994 827 2071; x_wconf 74' lang='lat' dir='ltr'><strong><em>[mance.</em></strong></span> <span class='ocrx_word' id='word_1_65' title='bbox 843 1996 1010 2057; x_wconf 79' lang='lat' dir='ltr'><strong><em>Pictonibus</em></strong></span> <span class='ocrx_word' id='word_1_66' title='bbox 1023 2002 1111 2075; x_wconf 88' lang='lat' dir='ltr'><strong><em>utque</em></strong></span> <span class='ocrx_word' id='word_1_67' title='bbox 1118 2001 1216 2074; x_wconf 85' lang='lat' dir='ltr'><strong><em>poetis</em></strong></span> 
     </span>
    </p>

    <p class='ocr_par' dir='ltr' id='par_1_9' title="bbox 542 2083 1603 2348">
     <span class='ocr_line' id='line_1_13' title="bbox 546 2083 1603 2166; baseline -0.002 -20"><span class='ocrx_word' id='word_1_68' title='bbox 546 2083 693 2157; x_wconf 75' lang='lat' dir='ltr'><strong><em>Quidlibet</em></strong></span> <span class='ocrx_word' id='word_1_69' title='bbox 707 2089 840 2148; x_wconf 74' lang='lat' dir='ltr'><strong><em>audendi</em></strong></span> <span class='ocrx_word' id='word_1_70' title='bbox 850 2103 961 2166; x_wconf 78' lang='lat' dir='ltr'><strong><em>semper</em></strong></span> <span class='ocrx_word' id='word_1_71' title='bbox 975 2087 1037 2166; x_wconf 78' lang='lat' dir='ltr'><strong><em>suit</em></strong></span> <span class='ocrx_word' id='word_1_72' title='bbox 1051 2105 1147 2165; x_wconf 86' lang='lat' dir='ltr'><strong><em>nequa</em></strong></span> <span class='ocrx_word' id='word_1_73' title='bbox 1156 2091 1294 2166; x_wconf 86' lang='lat' dir='ltr'><strong><em>potestas.</em></strong></span> <span class='ocrx_word' id='word_1_74' title='bbox 1568 2092 1603 2146; x_wconf 84' lang='lat' dir='ltr'><strong><em>to</em></strong></span> 
     </span>
     <span class='ocr_line' id='line_1_14' title="bbox 542 2178 1457 2256; baseline -0.004 -17"><span class='ocrx_word' id='word_1_75' title='bbox 542 2180 667 2254; x_wconf 80' lang='lat' dir='ltr'><strong><em>Scimus,</em></strong></span> <span class='ocrx_word' id='word_1_76' title='bbox 682 2183 709 2238; x_wconf 93' lang='lat' dir='ltr'><strong><em>et</em></strong></span> <span class='ocrx_word' id='word_1_77' title='bbox 723 2179 798 2239; x_wconf 85' lang='lat' dir='ltr'><strong><em>banc</em></strong></span> <span class='ocrx_word' id='word_1_78' title='bbox 811 2186 925 2240; x_wconf 85' lang='lat' dir='ltr'><strong><em>ueniam</em></strong></span> <span class='ocrx_word' id='word_1_79' title='bbox 935 2184 1123 2256; x_wconf 81' lang='lat' dir='ltr'><strong><em>petimusque</em></strong></span> <span class='ocrx_word' id='word_1_80' title='bbox 1137 2178 1299 2256; x_wconf 83' lang='lat' dir='ltr'><strong><em>demusque</em></strong></span> <span class='ocrx_word' id='word_1_81' title='bbox 1312 2180 1439 2240; x_wconf 77' lang='lat' dir='ltr'><strong><em>uicissim</em></strong></span> <span class='ocrx_word' id='word_1_82' title='bbox 1448 2199 1457 2230; x_wconf 94' lang='lat'><em>:</em></span> 
     </span>
     <span class='ocr_line' id='line_1_15' title="bbox 542 2269 1246 2348; baseline 0.001 -19"><span class='ocrx_word' id='word_1_83' title='bbox 542 2269 600 2329; x_wconf 89' lang='lat' dir='ltr'><strong><em>Sed</em></strong></span> <span class='ocrx_word' id='word_1_84' title='bbox 610 2284 669 2328; x_wconf 88' lang='lat' dir='ltr'><strong><em>non</em></strong></span> <span class='ocrx_word' id='word_1_85' title='bbox 682 2273 715 2328; x_wconf 91' lang='lat' dir='ltr'><strong><em>ut</em></strong></span> <span class='ocrx_word' id='word_1_86' title='bbox 727 2270 855 2348; x_wconf 83' lang='lat' dir='ltr'><strong><em>placidis</em></strong></span> <span class='ocrx_word' id='word_1_87' title='bbox 870 2276 971 2331; x_wconf 87' lang='lat' dir='ltr'><strong><em>coeunt</em></strong></span> <span class='ocrx_word' id='word_1_88' title='bbox 985 2274 1125 2340; x_wconf 71' lang='lat' dir='ltr'><strong><em>immitin·</em></strong></span> <span class='ocrx_word' id='word_1_89' title='bbox 1139 2286 1199 2330; x_wconf 90' lang='lat' dir='ltr'><strong><em>non</em></strong></span> <span class='ocrx_word' id='word_1_90' title='bbox 1213 2276 1246 2330; x_wconf 88' lang='lat' dir='ltr'><strong><em>ut</em></strong></span> 
     </span>
    </p>

    <p class='ocr_par' dir='ltr' id='par_1_10' title="bbox 545 2365 1260 2444">
     <span class='ocr_line' id='line_1_16' title="bbox 545 2365 1260 2444; baseline -0.003 -16"><span class='ocrx_word' id='word_1_91' title='bbox 545 2365 698 2444; x_wconf 69' lang='lat' dir='ltr'><strong><em>Serpentes</em></strong></span> <span class='ocrx_word' id='word_1_92' title='bbox 711 2366 814 2429; x_wconf 86' lang='lat' dir='ltr'><strong><em>onibus</em></strong></span> <span class='ocrx_word' id='word_1_93' title='bbox 827 2369 1022 2444; x_wconf 85' lang='lat' dir='ltr'><strong><em>qemtnentur,</em></strong></span> <span class='ocrx_word' id='word_1_94' title='bbox 1038 2365 1164 2444; x_wconf 82' lang='lat' dir='ltr'><strong><em>tiqribus</em></strong></span> <span class='ocrx_word' id='word_1_95' title='bbox 1178 2370 1260 2444; x_wconf 83' lang='lat' dir='ltr'><strong><em>eqni.</em></strong></span> 
     </span>
    </p>

    <p class='ocr_par' dir='ltr' id='par_1_11' title="bbox 539 2457 1326 2629">
     <span class='ocr_line' id='line_1_17' title="bbox 539 2457 1326 2541; baseline -0.001 -18"><span class='ocrx_word' id='word_1_96' title='bbox 539 2463 668 2541; x_wconf 84' lang='lat' dir='ltr'><strong><em>Inceptts</em></strong></span> <span class='ocrx_word' id='word_1_97' title='bbox 679 2460 819 2540; x_wconf 84' lang='lat' dir='ltr'><strong><em>qrucibus</em></strong></span> <span class='ocrx_word' id='word_1_98' title='bbox 826 2459 1001 2538; x_wconf 84' lang='lat' dir='ltr'><strong><em>plerumque</em></strong></span> <span class='ocrx_word' id='word_1_99' title='bbox 1014 2463 1041 2519; x_wconf 92' lang='lat' dir='ltr'><strong><em>et</em></strong></span> <span class='ocrx_word' id='word_1_100' title='bbox 1053 2475 1161 2534; x_wconf 86' lang='lat' dir='ltr'><strong><em>mnqna</em></strong></span> <span class='ocrx_word' id='word_1_101' title='bbox 1171 2457 1326 2537; x_wconf 77' lang='lat' dir='ltr'><strong><em>professis,</em></strong></span> 
     </span>
     <span class='ocr_line' id='line_1_18' title="bbox 540 2547 1265 2629; baseline -0.007 -17"><span class='ocrx_word' id='word_1_102' title='bbox 540 2552 726 2629; x_wconf 85' lang='lat' dir='ltr'><strong><em>Purpureus,</em></strong></span> <span class='ocrx_word' id='word_1_103' title='bbox 739 2548 797 2610; x_wconf 90' lang='lat' dir='ltr'><strong><em>tute</em></strong></span> <span class='ocrx_word' id='word_1_104' title='bbox 811 2554 864 2627; x_wconf 86' lang='lat' dir='ltr'><strong><em>qui</em></strong></span> <span class='ocrx_word' id='word_1_105' title='bbox 877 2549 1043 2628; x_wconf 72' lang='lat' dir='ltr'><strong><em>splendeat,</em></strong></span> <span class='ocrx_word' id='word_1_106' title='bbox 1059 2565 1135 2609; x_wconf 79' lang='lat' dir='ltr'><strong><em>rmus</em></strong></span> <span class='ocrx_word' id='word_1_107' title='bbox 1149 2554 1177 2609; x_wconf 90' lang='lat' dir='ltr'><strong><em>et</em></strong></span> <span class='ocrx_word' id='word_1_108' title='bbox 1190 2547 1265 2608; x_wconf 85' lang='lat' dir='ltr'><strong><em>ntter</em></strong></span> 
     </span>
    </p>

    <p class='ocr_par' dir='ltr' id='par_1_12' title="bbox 538 2640 1277 2725">
     <span class='ocr_line' id='line_1_19' title="bbox 538 2640 1277 2725; baseline 0.004 -20"><span class='ocrx_word' id='word_1_109' title='bbox 538 2645 683 2707; x_wconf 81' lang='lat' dir='ltr'><strong><em>Adsuitur</em></strong></span> <span class='ocrx_word' id='word_1_110' title='bbox 692 2661 824 2725; x_wconf 88' lang='lat' dir='ltr'><strong><em>ponnus,</em></strong></span> <span class='ocrx_word' id='word_1_111' title='bbox 837 2661 927 2723; x_wconf 92' lang='lat' dir='ltr'><strong><em>quum</em></strong></span> <span class='ocrx_word' id='word_1_112' title='bbox 940 2644 1024 2707; x_wconf 88' lang='lat' dir='ltr'><strong><em>lucus</em></strong></span> <span class='ocrx_word' id='word_1_113' title='bbox 1038 2649 1065 2706; x_wconf 91' lang='lat' dir='ltr'><strong><em>et</em></strong></span> <span class='ocrx_word' id='word_1_114' title='bbox 1079 2662 1136 2705; x_wconf 89' lang='lat' dir='ltr'><strong><em>orn</em></strong></span> <span class='ocrx_word' id='word_1_115' title='bbox 1150 2640 1277 2722; x_wconf 83' lang='lat' dir='ltr'><strong><em>Dinone,</em></strong></span> 
     </span>
    </p>
   </div>
   <div class='ocr_carea' id='block_1_5' title="bbox 812 2802 1165 2863">
    <p class='ocr_par' dir='ltr' id='par_1_13' title="bbox 812 2802 1165 2863">
     <span class='ocr_line' id='line_1_20' title="bbox 812 2802 1165 2863; baseline 0.003 -12"><span class='ocrx_word' id='word_1_116' title='bbox 812 2802 986 2851; x_wconf 62' lang='lat' dir='ltr'><strong><em>mandute</em></strong></span> <span class='ocrx_word' id='word_1_117' title='bbox 997 2802 1165 2863; x_wconf 68' lang='lat' dir='ltr'><strong><em>poematia.</em></strong></span> 
     </span>
    </p>
   </div>
   <div class='ocr_carea' id='block_1_6' title="bbox 381 2914 1599 3075">
    <p class='ocr_par' dir='ltr' id='par_1_14' title="bbox 381 2914 1599 3075">
     <span class='ocr_line' id='line_1_21' title="bbox 413 2914 1597 2989; baseline -0.003 -14"><span class='ocrx_word' id='word_1_118' title='bbox 413 2917 445 2974; x_wconf 86' lang='lat' dir='ltr'><strong><em>V.</em></strong></span> <span class='ocrx_word' id='word_1_119' title='bbox 465 2920 489 2975; x_wconf 91' lang='lat' dir='ltr'><strong><em>t.</em></strong></span> <span class='ocrx_word' id='word_1_120' title='bbox 506 2918 644 2973; x_wconf 84' lang='lat' dir='ltr'><strong><em>Humano</em></strong></span> <span class='ocrx_word' id='word_1_121' title='bbox 657 2915 770 2989; x_wconf 80' lang='lat' dir='ltr'><strong><em>cupiti)</em></strong></span> <span class='ocrx_word' id='word_1_122' title='bbox 785 2914 966 2970; x_wconf 76' lang='lat' dir='ltr'><strong><em>Monstrosum</em></strong></span> <span class='ocrx_word' id='word_1_123' title='bbox 979 2926 1075 2983; x_wconf 83' lang='lat' dir='ltr'><strong><em>poema</em></strong></span> <span class='ocrx_word' id='word_1_124' title='bbox 1086 2919 1140 2985; x_wconf 87' lang='lat' dir='ltr'><strong><em>est,</em></strong></span> <span class='ocrx_word' id='word_1_125' title='bbox 1154 2915 1235 2970; x_wconf 88' lang='lat' dir='ltr'><strong><em>cuius</em></strong></span> <span class='ocrx_word' id='word_1_126' title='bbox 1249 2920 1339 2986; x_wconf 81' lang='lat' dir='ltr'><strong><em>portes</em></strong></span> <span class='ocrx_word' id='word_1_127' title='bbox 1354 2915 1381 2970; x_wconf 91' lang='lat' dir='ltr'><strong><em>in</em></strong></span> <span class='ocrx_word' id='word_1_128' title='bbox 1394 2931 1477 2972; x_wconf 79' lang='lat' dir='ltr'><strong><em>mam</em></strong></span> <span class='ocrx_word' id='word_1_129' title='bbox 1490 2922 1597 2972; x_wconf 84' lang='lat' dir='ltr'><strong><em>certam</em></strong></span> 
     </span>
     <span class='ocr_line' id='line_1_22' title="bbox 381 2999 1599 3075; baseline 0.002 -17"><span class='ocrx_word' id='word_1_130' title='bbox 381 3003 495 3060; x_wconf 87' lang='lat' dir='ltr'><strong><em>lormam</em></strong></span> <span class='ocrx_word' id='word_1_131' title='bbox 508 3019 562 3060; x_wconf 90' lang='lat' dir='ltr'><strong><em>non</em></strong></span> <span class='ocrx_word' id='word_1_132' title='bbox 575 3008 741 3075; x_wconf 82' lang='lat' dir='ltr'><strong><em>congruunt:</em></strong></span> <span class='ocrx_word' id='word_1_133' title='bbox 757 3001 798 3056; x_wconf 87' lang='lat' dir='ltr'><strong><em>uti</em></strong></span> <span class='ocrx_word' id='word_1_134' title='bbox 810 2999 942 3057; x_wconf 76' lang='lat' dir='ltr'><strong><em>naturalia</em></strong></span> <span class='ocrx_word' id='word_1_135' title='bbox 955 3008 1077 3057; x_wconf 85' lang='lat' dir='ltr'><strong><em>monstro</em></strong></span> <span class='ocrx_word' id='word_1_136' title='bbox 1090 3007 1164 3072; x_wconf 86' lang='lat' dir='ltr'><strong><em>sunt,</em></strong></span> <span class='ocrx_word' id='word_1_137' title='bbox 1178 3016 1295 3074; x_wconf 90' lang='lat' dir='ltr'><strong><em>quorum</em></strong></span> <span class='ocrx_word' id='word_1_138' title='bbox 1308 3017 1424 3074; x_wconf 86' lang='lat' dir='ltr'><strong><em>corpora</em></strong></span> <span class='ocrx_word' id='word_1_139' title='bbox 1435 3017 1469 3059; x_wconf 80' lang='lat' dir='ltr'><strong><em>ex</em></strong></span> <span class='ocrx_word' id='word_1_140' title='bbox 1491 3003 1550 3060; x_wconf 83' lang='lat' dir='ltr'><strong><em>eliis</em></strong></span> <span class='ocrx_word' id='word_1_141' title='bbox 1560 3005 1599 3062; x_wconf 86' lang='lat' dir='ltr'><strong><em>di·</em></strong></span> 
     </span>
    </p>
   </div>
   <div class='ocr_carea' id='block_1_7' title="bbox 381 3088 1600 3535">
    <p class='ocr_par' dir='ltr' id='par_1_15' title="bbox 381 3088 1600 3535">
     <span class='ocr_line' id='line_1_23' title="bbox 381 3088 1072 3164; baseline -0.006 -16"><span class='ocrx_word' id='word_1_142' title='bbox 381 3093 521 3164; x_wconf 85' lang='lat' dir='ltr'><strong><em>versisque</em></strong></span> <span class='ocrx_word' id='word_1_143' title='bbox 534 3093 568 3150; x_wconf 83' lang='lat' dir='ltr'><strong><em>nb</em></strong></span> <span class='ocrx_word' id='word_1_144' title='bbox 580 3107 676 3150; x_wconf 89' lang='lat' dir='ltr'><strong><em>eorum</em></strong></span> <span class='ocrx_word' id='word_1_145' title='bbox 690 3096 787 3147; x_wconf 82' lang='lat' dir='ltr'><strong><em>netum</em></strong></span> <span class='ocrx_word' id='word_1_146' title='bbox 799 3091 921 3162; x_wconf 84' lang='lat' dir='ltr'><strong><em>partibus</em></strong></span> <span class='ocrx_word' id='word_1_147' title='bbox 934 3088 1072 3147; x_wconf 85' lang='lat' dir='ltr'><strong><em>coaluere.</em></strong></span> 
     </span>
     <span class='ocr_line' id='line_1_24' title="bbox 419 3183 1594 3258; baseline 0 -15"><span class='ocrx_word' id='word_1_148' title='bbox 419 3186 458 3243; x_wconf 85' lang='lat' dir='ltr'><strong><em>lb.</em></strong></span> <span class='ocrx_word' id='word_1_149' title='bbox 475 3187 592 3258; x_wconf 76' lang='lat' dir='ltr'><strong><em>Pictos)</em></strong></span> <span class='ocrx_word' id='word_1_150' title='bbox 607 3186 690 3243; x_wconf 84' lang='lat' dir='ltr'><strong><em>Recte</em></strong></span> <span class='ocrx_word' id='word_1_151' title='bbox 703 3187 784 3242; x_wconf 86' lang='lat' dir='ltr'><strong><em>Poeta</em></strong></span> <span class='ocrx_word' id='word_1_152' title='bbox 797 3183 898 3255; x_wconf 84' lang='lat' dir='ltr'><strong><em>poesim</em></strong></span> <span class='ocrx_word' id='word_1_153' title='bbox 911 3184 1033 3255; x_wconf 79' lang='lat' dir='ltr'><strong><em>picturae</em></strong></span> <span class='ocrx_word' id='word_1_154' title='bbox 1045 3191 1204 3255; x_wconf 81' lang='lat' dir='ltr'><strong><em>comperet:</em></strong></span> <span class='ocrx_word' id='word_1_155' title='bbox 1227 3199 1343 3257; x_wconf 87' lang='lat' dir='ltr'><strong><em>namque</em></strong></span> <span class='ocrx_word' id='word_1_156' title='bbox 1362 3188 1471 3258; x_wconf 87' lang='lat' dir='ltr'><strong><em>pictura</em></strong></span> <span class='ocrx_word' id='word_1_157' title='bbox 1483 3193 1594 3243; x_wconf 88' lang='lat' dir='ltr'><strong><em>mutum</em></strong></span> 
     </span>
     <span class='ocr_line' id='line_1_25' title="bbox 383 3275 1599 3351; baseline 0.002 -17"><span class='ocrx_word' id='word_1_158' title='bbox 383 3291 488 3349; x_wconf 87' lang='lat' dir='ltr'><strong><em>poema,</em></strong></span> <span class='ocrx_word' id='word_1_159' title='bbox 500 3291 596 3348; x_wconf 87' lang='lat' dir='ltr'><strong><em>poema</em></strong></span> <span class='ocrx_word' id='word_1_160' title='bbox 608 3275 722 3348; x_wconf 87' lang='lat' dir='ltr'><strong><em>loquens</em></strong></span> <span class='ocrx_word' id='word_1_161' title='bbox 736 3276 844 3347; x_wconf 88' lang='lat' dir='ltr'><strong><em>pictum</em></strong></span> <span class='ocrx_word' id='word_1_162' title='bbox 856 3275 910 3333; x_wconf 89' lang='lat' dir='ltr'><strong><em>dici</em></strong></span> <span class='ocrx_word' id='word_1_163' title='bbox 924 3275 1012 3332; x_wconf 85' lang='lat' dir='ltr'><strong><em>solet:</em></strong></span> <span class='ocrx_word' id='word_1_164' title='bbox 1027 3281 1055 3332; x_wconf 87' lang='lat' dir='ltr'><strong><em>ot</em></strong></span> <span class='ocrx_word' id='word_1_165' title='bbox 1067 3291 1132 3333; x_wconf 86' lang='lat' dir='ltr'><strong><em>sano</em></strong></span> <span class='ocrx_word' id='word_1_166' title='bbox 1146 3276 1168 3332; x_wconf 88' lang='lat' dir='ltr'><strong><em>is</em></strong></span> <span class='ocrx_word' id='word_1_167' title='bbox 1181 3277 1299 3348; x_wconf 86' lang='lat' dir='ltr'><strong><em>optimus</em></strong></span> <span class='ocrx_word' id='word_1_168' title='bbox 1313 3285 1393 3349; x_wconf 86' lang='lat' dir='ltr'><strong><em>poeta</em></strong></span> <span class='ocrx_word' id='word_1_169' title='bbox 1409 3286 1463 3351; x_wconf 73' lang='lat' dir='ltr'><strong><em>est,</em></strong></span> <span class='ocrx_word' id='word_1_170' title='bbox 1476 3280 1525 3350; x_wconf 87' lang='lat' dir='ltr'><strong><em>qui</em></strong></span> <span class='ocrx_word' id='word_1_171' title='bbox 1538 3294 1599 3335; x_wconf 86' lang='lat' dir='ltr'><strong><em>son·</em></strong></span> 
     </span>
     <span class='ocr_line' id='line_1_26' title="bbox 389 3367 1584 3442; baseline -0.003 -14"><span class='ocrx_word' id='word_1_172' title='bbox 389 3368 482 3428; x_wconf 85' lang='lat' dir='ltr'><strong><em>sitibus</em></strong></span> <span class='ocrx_word' id='word_1_173' title='bbox 496 3368 655 3441; x_wconf 80' lang='lat' dir='ltr'><strong><em>imaginibus</em></strong></span> <span class='ocrx_word' id='word_1_174' title='bbox 669 3384 713 3426; x_wconf 85' lang='lat' dir='ltr'><strong><em>res</em></strong></span> <span class='ocrx_word' id='word_1_175' title='bbox 725 3368 843 3439; x_wconf 83' lang='lat' dir='ltr'><strong><em>exponit,</em></strong></span> <span class='ocrx_word' id='word_1_176' title='bbox 857 3375 889 3424; x_wconf 84' lang='lat' dir='ltr'><strong><em>ut</em></strong></span> <span class='ocrx_word' id='word_1_177' title='bbox 900 3367 1034 3424; x_wconf 88' lang='lat' dir='ltr'><strong><em>lectorum</em></strong></span> <span class='ocrx_word' id='word_1_178' title='bbox 1048 3367 1146 3441; x_wconf 88' lang='lat' dir='ltr'><strong><em>oculis,</em></strong></span> <span class='ocrx_word' id='word_1_179' title='bbox 1161 3385 1213 3425; x_wconf 92' lang='lat' dir='ltr'><strong><em>oon</em></strong></span> <span class='ocrx_word' id='word_1_180' title='bbox 1227 3368 1375 3442; x_wconf 87' lang='lat' dir='ltr'><strong><em>intellectu,</em></strong></span> <span class='ocrx_word' id='word_1_181' title='bbox 1390 3371 1584 3441; x_wconf 88' lang='lat' dir='ltr'><strong><em>percipiantur.</em></strong></span> 
     </span>
     <span class='ocr_line' id='line_1_27' title="bbox 422 3459 1600 3535; baseline -0.002 -15"><span class='ocrx_word' id='word_1_182' title='bbox 422 3467 449 3520; x_wconf 82' lang='grc'><strong><em>3.</em></strong></span> <span class='ocrx_word' id='word_1_183' title='bbox 469 3459 603 3532; x_wconf 77' lang='lat' dir='ltr'><strong><em>Undique</em></strong></span> <span class='ocrx_word' id='word_1_184' title='bbox 616 3459 734 3518; x_wconf 84' lang='lat' dir='ltr'><strong><em>collatis</em></strong></span> <span class='ocrx_word' id='word_1_185' title='bbox 748 3460 903 3533; x_wconf 65' lang='lat' dir='ltr'><strong><em>membris)</em></strong></span> <span class='ocrx_word' id='word_1_186' title='bbox 917 3461 1056 3533; x_wconf 81' lang='lat' dir='ltr'><strong><em>Ingeniose</em></strong></span> <span class='ocrx_word' id='word_1_187' title='bbox 1069 3462 1148 3535; x_wconf 78' lang='lat' dir='ltr'><strong><em>lingit</em></strong></span> <span class='ocrx_word' id='word_1_188' title='bbox 1160 3462 1211 3518; x_wconf 88' lang='lat' dir='ltr'><strong><em>hoc</em></strong></span> <span class='ocrx_word' id='word_1_189' title='bbox 1226 3468 1378 3519; x_wconf 86' lang='lat' dir='ltr'><strong><em>monstrum</em></strong></span> <span class='ocrx_word' id='word_1_190' title='bbox 1392 3478 1426 3519; x_wconf 88' lang='lat' dir='ltr'><strong><em>ex</em></strong></span> <span class='ocrx_word' id='word_1_191' title='bbox 1439 3463 1557 3519; x_wconf 89' lang='lat' dir='ltr'><strong><em>omnium</em></strong></span> <span class='ocrx_word' id='word_1_192' title='bbox 1572 3477 1600 3518; x_wconf 88' lang='lat' dir='ltr'><strong><em>a·</em></strong></span> 
     </span>
    </p>
   </div>
   <div class='ocr_carea' id='block_1_8' title="bbox 377 3547 1600 4508">
    <p class='ocr_par' dir='ltr' id='par_1_16' title="bbox 377 3547 1600 4508">
     <span class='ocr_line' id='line_1_28' title="bbox 381 3547 1600 3622; baseline 0 -15"><span class='ocrx_word' id='word_1_193' title='bbox 381 3549 539 3608; x_wconf 87' lang='lat' dir='ltr'><strong><em>nimantinm</em></strong></span> <span class='ocrx_word' id='word_1_194' title='bbox 553 3548 685 3620; x_wconf 82' lang='lat' dir='ltr'><strong><em>partibus,</em></strong></span> <span class='ocrx_word' id='word_1_195' title='bbox 699 3563 770 3621; x_wconf 83' lang='lat' dir='ltr'><strong><em>quse</em></strong></span> <span class='ocrx_word' id='word_1_196' title='bbox 783 3547 869 3619; x_wconf 88' lang='lat' dir='ltr'><strong><em>coelo,</em></strong></span> <span class='ocrx_word' id='word_1_197' title='bbox 884 3554 956 3604; x_wconf 88' lang='lat' dir='ltr'><strong><em>terra</em></strong></span> <span class='ocrx_word' id='word_1_198' title='bbox 969 3548 1091 3620; x_wconf 88' lang='lat' dir='ltr'><strong><em>marique</em></strong></span> <span class='ocrx_word' id='word_1_199' title='bbox 1105 3549 1262 3622; x_wconf 80' lang='lat' dir='ltr'><strong><em>gignuntur:</em></strong></span> <span class='ocrx_word' id='word_1_200' title='bbox 1278 3564 1364 3622; x_wconf 87' lang='lat' dir='ltr'><strong><em>eaque</em></strong></span> <span class='ocrx_word' id='word_1_201' title='bbox 1378 3549 1412 3606; x_wconf 87' lang='lat' dir='ltr'><strong><em>ad</em></strong></span> <span class='ocrx_word' id='word_1_202' title='bbox 1426 3549 1480 3606; x_wconf 90' lang='lat' dir='ltr'><strong><em>duo</em></strong></span> <span class='ocrx_word' id='word_1_203' title='bbox 1492 3565 1600 3607; x_wconf 85' lang='lat' dir='ltr'><strong><em>summo</em></strong></span> 
     </span>
     <span class='ocr_line' id='line_1_29' title="bbox 385 3634 1167 3710; baseline -0.006 -18"><span class='ocrx_word' id='word_1_204' title='bbox 385 3651 484 3710; x_wconf 76' lang='lat' dir='ltr'><strong><em>genera</em></strong></span> <span class='ocrx_word' id='word_1_205' title='bbox 496 3641 626 3706; x_wconf 72' lang='lat' dir='ltr'><strong><em>revocat,</em></strong></span> <span class='ocrx_word' id='word_1_206' title='bbox 642 3634 751 3690; x_wconf 83' lang='lat' dir='ltr'><strong><em>sotionis</em></strong></span> <span class='ocrx_word' id='word_1_207' title='bbox 763 3648 860 3704; x_wconf 85' lang='lat' dir='ltr'><strong><em>nempe</em></strong></span> <span class='ocrx_word' id='word_1_208' title='bbox 873 3648 968 3704; x_wconf 82' lang='lat' dir='ltr'><strong><em>expers</em></strong></span> <span class='ocrx_word' id='word_1_209' title='bbox 981 3640 1008 3689; x_wconf 84' lang='lat' dir='ltr'><strong><em>et</em></strong></span> <span class='ocrx_word' id='word_1_210' title='bbox 1021 3635 1167 3705; x_wconf 79' lang='lat' dir='ltr'><strong><em>particeps.</em></strong></span> 
     </span>
     <span class='ocr_line' id='line_1_30' title="bbox 420 3724 1468 3800; baseline -0.005 -15"><span class='ocrx_word' id='word_1_211' title='bbox 420 3728 459 3785; x_wconf 93' lang='lat' dir='ltr'><strong><em>lb.</em></strong></span> <span class='ocrx_word' id='word_1_212' title='bbox 475 3728 592 3800; x_wconf 73' lang='lat' dir='ltr'><strong><em>Atrumt</em></strong></span> <span class='ocrx_word' id='word_1_213' title='bbox 607 3725 762 3800; x_wconf 85' lang='lat' dir='ltr'><strong><em>Sordidum,</em></strong></span> <span class='ocrx_word' id='word_1_214' title='bbox 777 3742 869 3782; x_wconf 68' lang='lat' dir='ltr'><strong><em>sonno:</em></strong></span> <span class='ocrx_word' id='word_1_215' title='bbox 882 3741 944 3782; x_wconf 84' lang='lat' dir='ltr'><strong><em>num</em></strong></span> <span class='ocrx_word' id='word_1_216' title='bbox 956 3724 1050 3781; x_wconf 86' lang='lat' dir='ltr'><strong><em>sordes</em></strong></span> <span class='ocrx_word' id='word_1_217' title='bbox 1064 3726 1170 3799; x_wconf 81' lang='lat' dir='ltr'><strong><em>nigrum</em></strong></span> <span class='ocrx_word' id='word_1_218' title='bbox 1184 3725 1304 3781; x_wconf 88' lang='lat' dir='ltr'><strong><em>colorem</em></strong></span> <span class='ocrx_word' id='word_1_219' title='bbox 1317 3725 1468 3782; x_wconf 87' lang='lat' dir='ltr'><strong><em>ollunduot.</em></strong></span> 
     </span>
     <span class='ocr_line' id='line_1_31' title="bbox 418 3816 1596 3890; baseline -0.007 -12"><span class='ocrx_word' id='word_1_220' title='bbox 418 3825 445 3878; x_wconf 88' lang='lat'><strong><em>8.</em></strong></span> <span class='ocrx_word' id='word_1_221' title='bbox 461 3823 520 3879; x_wconf 86' lang='lat' dir='ltr'><strong><em>Uni</em></strong></span> <span class='ocrx_word' id='word_1_222' title='bbox 531 3847 544 3862; x_wconf 93' lang='lat'><em>·</em></span> <span class='ocrx_word' id='word_1_223' title='bbox 556 3817 709 3875; x_wconf 78' lang='lat' dir='ltr'><strong><em>Reddatur</em></strong></span> <span class='ocrx_word' id='word_1_224' title='bbox 714 3816 853 3890; x_wconf 74' lang='lat' dir='ltr'><strong><em>sccmcet</em></strong></span> <span class='ocrx_word' id='word_1_225' title='bbox 869 3818 915 3874; x_wconf 89' lang='lat' dir='ltr'><strong><em>llis</em></strong></span> <span class='ocrx_word' id='word_1_226' title='bbox 929 3818 1019 3874; x_wconf 86' lang='lat' dir='ltr'><strong><em>verbis</em></strong></span> <span class='ocrx_word' id='word_1_227' title='bbox 1033 3825 1088 3874; x_wconf 81' lang='lat' dir='ltr'><strong><em>stat</em></strong></span> <span class='ocrx_word' id='word_1_228' title='bbox 1100 3826 1274 3890; x_wconf 88' lang='lat' dir='ltr'><strong><em>praeceptum</em></strong></span> <span class='ocrx_word' id='word_1_229' title='bbox 1288 3818 1320 3875; x_wconf 87' lang='lat' dir='ltr'><strong><em>de</em></strong></span> <span class='ocrx_word' id='word_1_230' title='bbox 1335 3819 1439 3874; x_wconf 87' lang='lat' dir='ltr'><strong><em>unitate</em></strong></span> <span class='ocrx_word' id='word_1_231' title='bbox 1452 3818 1596 3890; x_wconf 79' lang='lat' dir='ltr'><strong><em>poematis.</em></strong></span> 
     </span>
     <span class='ocr_line' id='line_1_32' title="bbox 400 3906 1599 3981; baseline 0.002 -15"><span class='ocrx_word' id='word_1_232' title='bbox 400 3929 403 3936; x_wconf 60' lang='lat'><strong><em>¹</em></strong></span> <span class='ocrx_word' id='word_1_233' title='bbox 419 3912 446 3966; x_wconf 84' lang='grc'><strong><em>9.</em></strong></span> <span class='ocrx_word' id='word_1_234' title='bbox 462 3908 629 3966; x_wconf 79' lang='lat' dir='ltr'><strong><em>Pictonibus</em></strong></span> <span class='ocrx_word' id='word_1_235' title='bbox 641 3913 729 3981; x_wconf 88' lang='lat' dir='ltr'><strong><em>utque</em></strong></span> <span class='ocrx_word' id='word_1_236' title='bbox 739 3908 840 3980; x_wconf 79' lang='lat' dir='ltr'><strong><em>poetis)</em></strong></span> <span class='ocrx_word' id='word_1_237' title='bbox 855 3906 884 3963; x_wconf 90' lang='lat' dir='ltr'><strong><em>ld</em></strong></span> <span class='ocrx_word' id='word_1_238' title='bbox 898 3907 1023 3979; x_wconf 85' lang='lat' dir='ltr'><strong><em>objicitur</em></strong></span> <span class='ocrx_word' id='word_1_239' title='bbox 1037 3907 1108 3978; x_wconf 88' lang='lat' dir='ltr'><strong><em>inde,</em></strong></span> <span class='ocrx_word' id='word_1_240' title='bbox 1122 3907 1196 3981; x_wconf 88' lang='lat' dir='ltr'><strong><em>quod</em></strong></span> <span class='ocrx_word' id='word_1_241' title='bbox 1210 3913 1288 3979; x_wconf 81' lang='lat' dir='ltr'><strong><em>poeta</em></strong></span> <span class='ocrx_word' id='word_1_242' title='bbox 1301 3908 1404 3979; x_wconf 86' lang='lat' dir='ltr'><strong><em>poesim</em></strong></span> <span class='ocrx_word' id='word_1_243' title='bbox 1416 3923 1481 3965; x_wconf 87' lang='lat' dir='ltr'><strong><em>cum</em></strong></span> <span class='ocrx_word' id='word_1_244' title='bbox 1491 3908 1599 3980; x_wconf 73' lang='lat' dir='ltr'><strong><em>pictur⁰</em></strong></span> 
     </span>
     <span class='ocr_line' id='line_1_33' title="bbox 381 3988 1599 4069; baseline -0.001 -14"><span class='ocrx_word' id='word_1_245' title='bbox 381 4007 594 4069; x_wconf 87' lang='lat' dir='ltr'><strong><em>comparaverat.</em></strong></span> <span class='ocrx_word' id='word_1_246' title='bbox 1596 3988 1599 3991; x_wconf 61' lang='grc'>’</span> 
     </span>
     <span class='ocr_line' id='line_1_34' title="bbox 423 4084 1264 4158; baseline -0.005 -14"><span class='ocrx_word' id='word_1_247' title='bbox 423 4090 466 4144; x_wconf 85' lang='grc'><strong><em>13.</em></strong></span> <span class='ocrx_word' id='word_1_248' title='bbox 484 4086 680 4158; x_wconf 81' lang='lat' dir='ltr'><strong><em>Geminentun)</em></strong></span> <span class='ocrx_word' id='word_1_249' title='bbox 696 4086 839 4158; x_wconf 77' lang='lat' dir='ltr'><strong><em>Eleganter</em></strong></span> <span class='ocrx_word' id='word_1_250' title='bbox 849 4084 950 4142; x_wconf 89' lang='lat' dir='ltr'><strong><em>dictum</em></strong></span> <span class='ocrx_word' id='word_1_251' title='bbox 966 4101 981 4142; x_wconf 89' lang='lat' dir='ltr'><strong><em>a</em></strong></span> <span class='ocrx_word' id='word_1_252' title='bbox 994 4087 1126 4157; x_wconf 88' lang='lat' dir='ltr'><strong><em>partubus</em></strong></span> <span class='ocrx_word' id='word_1_253' title='bbox 1140 4086 1264 4158; x_wconf 86' lang='lat' dir='ltr'><strong><em>geminis.</em></strong></span> 
     </span>
     <span class='ocr_line' id='line_1_35' title="bbox 417 4171 1600 4247; baseline 0.001 -19"><span class='ocrx_word' id='word_1_254' title='bbox 417 4173 456 4229; x_wconf 86' lang='lat' dir='ltr'><strong><em>lb.</em></strong></span> <span class='ocrx_word' id='word_1_255' title='bbox 475 4174 609 4245; x_wconf 78' lang='lat' dir='ltr'><strong><em>thn‘bus</em></strong></span> <span class='ocrx_word' id='word_1_256' title='bbox 622 4174 701 4247; x_wconf 75' lang='lat' dir='ltr'><strong><em>eqni)</em></strong></span> <span class='ocrx_word' id='word_1_257' title='bbox 717 4174 798 4245; x_wconf 77' lang='lat' dir='ltr'><strong><em>Atqui</em></strong></span> <span class='ocrx_word' id='word_1_258' title='bbox 812 4178 875 4227; x_wconf 89' lang='lat' dir='ltr'><strong><em>sunt</em></strong></span> <span class='ocrx_word' id='word_1_259' title='bbox 884 4173 1002 4242; x_wconf 85' lang='lat' dir='ltr'><strong><em>pictores</em></strong></span> <span class='ocrx_word' id='word_1_260' title='bbox 1016 4174 1061 4245; x_wconf 81' lang='lat' dir='ltr'><strong><em>qtri</em></strong></span> <span class='ocrx_word' id='word_1_261' title='bbox 1074 4171 1206 4230; x_wconf 87' lang='lat' dir='ltr'><strong><em>eiusmodi</em></strong></span> <span class='ocrx_word' id='word_1_262' title='bbox 1220 4179 1386 4228; x_wconf 86' lang='lat' dir='ltr'><strong><em>monstrosas</em></strong></span> <span class='ocrx_word' id='word_1_263' title='bbox 1399 4171 1529 4244; x_wconf 82' lang='lat' dir='ltr'><strong><em>imagines</em></strong></span> <span class='ocrx_word' id='word_1_264' title='bbox 1541 4172 1600 4229; x_wconf 90' lang='lat' dir='ltr'><strong><em>ele·</em></strong></span> 
     </span>
     <span class='ocr_line' id='line_1_36' title="bbox 379 4250 1597 4336; baseline 0.001 -19"><span class='ocrx_word' id='word_1_265' title='bbox 379 4268 475 4334; x_wconf 83' lang='lat' dir='ltr'><strong><em>gauter</em></strong></span> <span class='ocrx_word' id='word_1_266' title='bbox 487 4262 645 4334; x_wconf 81' lang='lat' dir='ltr'><strong><em>depingunt,</em></strong></span> <span class='ocrx_word' id='word_1_267' title='bbox 658 4277 727 4333; x_wconf 84' lang='lat' dir='ltr'><strong><em>quae</em></strong></span> <span class='ocrx_word' id='word_1_268' title='bbox 736 4250 756 4317; x_wconf 49' lang='lat' dir='ltr'><strong><em>¹a</em></strong></span> <span class='ocrx_word' id='word_1_269' title='bbox 768 4263 868 4318; x_wconf 86' lang='lat' dir='ltr'><strong><em>nostris</em></strong></span> <span class='ocrx_word' id='word_1_270' title='bbox 878 4261 1008 4317; x_wconf 88' lang='lat' dir='ltr'><strong><em>dicuntur</em></strong></span> <span class='ocrx_word' id='word_1_271' title='bbox 1017 4264 1129 4336; x_wconf 71' lang='lat' dir='ltr'><strong><em>pidum</em></strong></span> <span class='ocrx_word' id='word_1_272' title='bbox 1142 4260 1175 4317; x_wconf 89' lang='lat' dir='ltr'><strong><em>dt</em></strong></span> <span class='ocrx_word' id='word_1_273' title='bbox 1186 4262 1315 4318; x_wconf 84' lang='lat' dir='ltr'><strong><em>rubesco.</em></strong></span> <span class='ocrx_word' id='word_1_274' title='bbox 1329 4261 1381 4316; x_wconf 89' lang='lat' dir='ltr'><strong><em>Sed</em></strong></span> <span class='ocrx_word' id='word_1_275' title='bbox 1391 4275 1456 4316; x_wconf 87' lang='lat' dir='ltr'><strong><em>eum</em></strong></span> <span class='ocrx_word' id='word_1_276' title='bbox 1468 4260 1508 4316; x_wconf 87' lang='lat' dir='ltr'><strong><em>his</em></strong></span> <span class='ocrx_word' id='word_1_277' title='bbox 1521 4276 1597 4318; x_wconf 81' lang='lat' dir='ltr'><strong><em>oont-</em></strong></span> 
     </span>
     <span class='ocr_line' id='line_1_37' title="bbox 379 4347 1595 4423; baseline 0.001 -20"><span class='ocrx_word' id='word_1_278' title='bbox 379 4349 443 4419; x_wconf 91' lang='lat' dir='ltr'><strong><em>poai</em></strong></span> <span class='ocrx_word' id='word_1_279' title='bbox 456 4356 571 4419; x_wconf 88' lang='lat' dir='ltr'><strong><em>possunt</em></strong></span> <span class='ocrx_word' id='word_1_280' title='bbox 585 4354 701 4419; x_wconf 89' lang='lat' dir='ltr'><strong><em>poetae,</em></strong></span> <span class='ocrx_word' id='word_1_281' title='bbox 716 4350 763 4419; x_wconf 91' lang='lat' dir='ltr'><strong><em>qui</em></strong></span> <span class='ocrx_word' id='word_1_282' title='bbox 777 4349 803 4404; x_wconf 89' lang='lat' dir='ltr'><strong><em>id</em></strong></span> <span class='ocrx_word' id='word_1_283' title='bbox 817 4353 920 4421; x_wconf 79' lang='lat' dir='ltr'><strong><em>agunt,</em></strong></span> <span class='ocrx_word' id='word_1_284' title='bbox 936 4354 967 4403; x_wconf 83' lang='lat' dir='ltr'><strong><em>ut</em></strong></span> <span class='ocrx_word' id='word_1_285' title='bbox 979 4349 1066 4404; x_wconf 87' lang='lat' dir='ltr'><strong><em>risum</em></strong></span> <span class='ocrx_word' id='word_1_286' title='bbox 1080 4355 1224 4420; x_wconf 87' lang='lat' dir='ltr'><strong><em>moveant,</em></strong></span> <span class='ocrx_word' id='word_1_287' title='bbox 1239 4350 1409 4420; x_wconf 81' lang='lat' dir='ltr'><strong><em>excitantque</em></strong></span> <span class='ocrx_word' id='word_1_288' title='bbox 1423 4347 1595 4423; x_wconf 82' lang='lat' dir='ltr'><strong><em>tragoedias,</em></strong></span> 
     </span>
     <span class='ocr_line' id='line_1_38' title="bbox 377 4432 1591 4508; baseline 0.002 -20"><span class='ocrx_word' id='word_1_289' title='bbox 377 4447 446 4504; x_wconf 86' lang='lat' dir='ltr'><strong><em>quae</em></strong></span> <span class='ocrx_word' id='word_1_290' title='bbox 461 4433 487 4488; x_wconf 89' lang='lat' dir='ltr'><strong><em>in</em></strong></span> <span class='ocrx_word' id='word_1_291' title='bbox 501 4432 653 4489; x_wconf 87' lang='lat' dir='ltr'><strong><em>comoedias</em></strong></span> <span class='ocrx_word' id='word_1_292' title='bbox 664 4433 782 4506; x_wconf 79' lang='lat' dir='ltr'><strong><em>aberrnt3</em></strong></span> <span class='ocrx_word' id='word_1_293' title='bbox 798 4435 836 4490; x_wconf 90' lang='lat' dir='ltr'><strong><em>uti</em></strong></span> <span class='ocrx_word' id='word_1_294' title='bbox 849 4450 885 4492; x_wconf 88' lang='lat' dir='ltr'><strong><em>ex</em></strong></span> <span class='ocrx_word' id='word_1_295' title='bbox 897 4433 987 4490; x_wconf 83' lang='lat' dir='ltr'><strong><em>latinis</em></strong></span> <span class='ocrx_word' id='word_1_296' title='bbox 1002 4435 1141 4491; x_wconf 84' lang='lat' dir='ltr'><strong><em>Petronius</em></strong></span> <span class='ocrx_word' id='word_1_297' title='bbox 1154 4435 1258 4492; x_wconf 78' lang='lat' dir='ltr'><strong><em>Arbiter</em></strong></span> <span class='ocrx_word' id='word_1_298' title='bbox 1272 4435 1297 4490; x_wconf 91' lang='lat' dir='ltr'><strong><em>in</em></strong></span> <span class='ocrx_word' id='word_1_299' title='bbox 1310 4434 1444 4508; x_wconf 83' lang='lat' dir='ltr'><strong><em>satyrico,</em></strong></span> <span class='ocrx_word' id='word_1_300' title='bbox 1459 4435 1534 4505; x_wconf 89' lang='lat' dir='ltr'><strong><em>quod</em></strong></span> <span class='ocrx_word' id='word_1_301' title='bbox 1546 4451 1591 4491; x_wconf 87' lang='lat' dir='ltr'><strong><em>sa-</em></strong></span> 
     </span>
    </p>
   </div>
   <div class='ocr_carea' id='block_1_9' title="bbox 377 4523 1596 4691">
    <p class='ocr_par' dir='ltr' id='par_1_17' title="bbox 377 4523 1596 4691">
     <span class='ocr_line' id='line_1_39' title="bbox 377 4523 1596 4599; baseline 0.004 -22"><span class='ocrx_word' id='word_1_302' title='bbox 377 4539 411 4579; x_wconf 89' lang='lat' dir='ltr'><strong><em>ne</em></strong></span> <span class='ocrx_word' id='word_1_303' title='bbox 424 4523 563 4593; x_wconf 77' lang='lat' dir='ltr'><strong><em>qutsddam</em></strong></span> <span class='ocrx_word' id='word_1_304' title='bbox 577 4524 707 4594; x_wconf 89' lang='lat' dir='ltr'><strong><em>poematis</em></strong></span> <span class='ocrx_word' id='word_1_305' title='bbox 721 4541 807 4597; x_wconf 82' lang='lat' dir='ltr'><strong><em>genus</em></strong></span> <span class='ocrx_word' id='word_1_306' title='bbox 821 4533 873 4599; x_wconf 88' lang='lat' dir='ltr'><strong><em>est,</em></strong></span> <span class='ocrx_word' id='word_1_307' title='bbox 887 4532 915 4582; x_wconf 91' lang='lat' dir='ltr'><strong><em>et</em></strong></span> <span class='ocrx_word' id='word_1_308' title='bbox 926 4543 960 4583; x_wconf 84' lang='lat' dir='ltr'><strong><em>ex</em></strong></span> <span class='ocrx_word' id='word_1_309' title='bbox 973 4526 1047 4583; x_wconf 85' lang='lat' dir='ltr'><strong><em>Italis</em></strong></span> <span class='ocrx_word' id='word_1_310' title='bbox 1061 4525 1211 4584; x_wconf 79' lang='lat' dir='ltr'><strong><em>Alexander</em></strong></span> <span class='ocrx_word' id='word_1_311' title='bbox 1224 4525 1369 4582; x_wconf 87' lang='lat' dir='ltr'><strong><em>Tassonius</em></strong></span> <span class='ocrx_word' id='word_1_312' title='bbox 1382 4525 1408 4581; x_wconf 89' lang='lat' dir='ltr'><strong><em>in</em></strong></span> <span class='ocrx_word' id='word_1_313' title='bbox 1421 4533 1543 4598; x_wconf 87' lang='lat' dir='ltr'><strong><em>poemate</em></strong></span> <span class='ocrx_word' id='word_1_314' title='bbox 1557 4525 1596 4582; x_wconf 85' lang='lat' dir='ltr'><strong><em>in·</em></strong></span> 
     </span>
     <span class='ocr_line' id='line_1_40' title="bbox 378 4614 813 4691; baseline 0.005 -22"><span class='ocrx_word' id='word_1_315' title='bbox 378 4614 479 4685; x_wconf 89' lang='lat' dir='ltr'><strong><em>scripto</em></strong></span> <span class='ocrx_word' id='word_1_316' title='bbox 493 4618 539 4671; x_wconf 87' lang='lat' dir='ltr'><strong><em>Lu</em></strong></span> <span class='ocrx_word' id='word_1_317' title='bbox 551 4615 676 4671; x_wconf 86' lang='lat' dir='ltr'><strong><em>Seccbiu</em></strong></span> <span class='ocrx_word' id='word_1_318' title='bbox 689 4619 813 4691; x_wconf 82' lang='lat' dir='ltr'><strong><em>Rapite.</em></strong></span> 
     </span>
    </p>
   </div>
   <div class='ocr_carea' id='block_1_10' title="bbox 419 4706 1594 4871">
    <p class='ocr_par' dir='ltr' id='par_1_18' title="bbox 419 4706 1594 4871">
     <span class='ocr_line' id='line_1_41' title="bbox 419 4706 1435 4783; baseline -0.001 -22"><span class='ocrx_word' id='word_1_319' title='bbox 419 4710 463 4761; x_wconf 83' lang='lat' dir='ltr'><strong><em>tt.</em></strong></span> <span class='ocrx_word' id='word_1_320' title='bbox 480 4708 605 4778; x_wconf 79' lang='lat' dir='ltr'><strong><em>inceptis</em></strong></span> <span class='ocrx_word' id='word_1_321' title='bbox 620 4707 768 4780; x_wconf 65' lang='lat' dir='ltr'><strong><em>precibus}</em></strong></span> <span class='ocrx_word' id='word_1_322' title='bbox 781 4711 898 4780; x_wconf 79' lang='lat' dir='ltr'><strong><em>Apponit</em></strong></span> <span class='ocrx_word' id='word_1_323' title='bbox 911 4717 1123 4783; x_wconf 81' lang='lat' dir='ltr'><strong><em>monstrosorum</em></strong></span> <span class='ocrx_word' id='word_1_324' title='bbox 1137 4715 1291 4781; x_wconf 86' lang='lat' dir='ltr'><strong><em>poematum</em></strong></span> <span class='ocrx_word' id='word_1_325' title='bbox 1303 4706 1435 4778; x_wconf 84' lang='lat' dir='ltr'><strong><em>exempla.</em></strong></span> 
     </span>
     <span class='ocr_line' id='line_1_42' title="bbox 421 4792 1594 4871; baseline 0.008 -24"><span class='ocrx_word' id='word_1_326' title='bbox 421 4794 462 4847; x_wconf 83' lang='lat' dir='ltr'><strong><em>ts.</em></strong></span> <span class='ocrx_word' id='word_1_327' title='bbox 479 4792 607 4863; x_wconf 79' lang='lat' dir='ltr'><strong><em>Pennus)</em></strong></span> <span class='ocrx_word' id='word_1_328' title='bbox 623 4793 688 4849; x_wconf 83' lang='lat' dir='ltr'><strong><em>Cum</em></strong></span> <span class='ocrx_word' id='word_1_329' title='bbox 700 4795 756 4850; x_wconf 87' lang='lat' dir='ltr'><strong><em>cius</em></strong></span> <span class='ocrx_word' id='word_1_330' title='bbox 768 4797 871 4866; x_wconf 83' lang='lat' dir='ltr'><strong><em>generis</em></strong></span> <span class='ocrx_word' id='word_1_331' title='bbox 882 4811 1019 4868; x_wconf 86' lang='lat' dir='ltr'><strong><em>purpurea</em></strong></span> <span class='ocrx_word' id='word_1_332' title='bbox 1030 4798 1171 4871; x_wconf 77' lang='lat' dir='ltr'><strong><em>chlamyde</em></strong></span> <span class='ocrx_word' id='word_1_333' title='bbox 1182 4813 1230 4854; x_wconf 87' lang='lat' dir='ltr'><strong><em>rex</em></strong></span> <span class='ocrx_word' id='word_1_334' title='bbox 1240 4796 1380 4853; x_wconf 79' lang='lat' dir='ltr'><strong><em>Armeniae</em></strong></span> <span class='ocrx_word' id='word_1_335' title='bbox 1390 4794 1529 4866; x_wconf 73' lang='lat' dir='ltr'><strong><em>tyridates</em></strong></span> <span class='ocrx_word' id='word_1_336' title='bbox 1539 4801 1594 4856; x_wconf 81' lang='lat' dir='ltr'><strong><em>lto·</em></strong></span> 
     </span>
    </p>
   </div>
   <div class='ocr_carea' id='block_1_11' title="bbox 0 0 1976 5592">
    <p class='ocr_par' dir='ltr' id='par_1_19' title="bbox 0 0 1976 5592">
     <span class='ocr_line' id='line_1_43' title="bbox 0 0 1976 5592; baseline 0 6"><span class='ocrx_word' id='word_1_337' title='bbox 0 0 1976 5592; x_wconf 95' lang='lat' dir='ltr'><strong><em> </em></strong></span> 
     </span>
    </p>
   </div>
  </div>
 </body>
</html>
