3942 5592
1479 472 1536 538 t5·1

374 591 583 660 exhilaratum
594 588 689 668 venit,
703 586 799 670 hujus
811 583 1023 649 Universitatis
1036 581 1161 648 nomine
1173 581 1390 665 Panegyricam
1400 579 1579 645 Orationem

375 679 611 769 descripseram
624 700 708 747 nunc
720 679 857 763 ejusdem
867 676 1046 743 Academiae
1058 677 1238 742 nerbiscum
1246 675 1343 758 Regia
1357 673 1515 756 Maiestate
1527 679 1581 734 tua

376 781 432 847 boc
444 779 666 845 humillimum
683 772 894 858 gratulationis
908 773 1043 837 olilcium
1051 769 1254 854 peragam.lla
1264 787 1360 845 nunc,
1377 768 1439 831 Rex
1448 764 1581 828 clemen·

379 873 505 952 tissime,
520 878 551 936 te
563 876 630 936 orat
643 877 673 932 et
691 866 841 943 obsecrat,
856 873 892 929 ut
905 865 1006 947 ipsam
1020 881 1147 944 magno,
1163 878 1224 945 quo
1238 877 1276 923 err
1292 861 1416 944 magnis
1430 864 1521 922 natus
1535 874 1580 931 es,

378 967 480 1031 animo
497 966 532 1029 in
547 972 636 1027 tuam
649 960 742 1025 iidem
753 963 784 1021 et
794 957 967 1021 clientelam
978 955 1126 1038 recipias3
1138 952 1176 1018 de
1198 971 1260 1037 quo
1280 952 1476 1036 amplissimo
1488 949 1582 1013 bene-

380 1061 447 1132 flcio
461 1065 493 1121 et
510 1059 576 1139 ipsa
587 1056 643 1119 tibi
655 1061 724 1136 aget
736 1052 850 1133 gratias
862 1050 1064 1131 immortales,
1078 1056 1108 1114 et
1121 1058 1167 1115 est
1180 1050 1259 1116 Deus
1273 1050 1415 1137 Optimus
1429 1042 1582 1109 Maximus

381 1152 511 1236 optimas
524 1150 679 1214 maximas
692 1145 857 1210 relaturus.

815 1406 962 1471 canobo
983 1405 1170 1470 RORBONIO

769 1571 927 1647 Utriusque
955 1569 1077 1632 Siciliae
1090 1576 1154 1652 repi
1166 1573 1222 1656 (Ι).

927 1717 939 1800 (
954 1723 1030 1784 1735
1045 1722 1055 1804 l

424 1917 486 1984 Etsi
501 1914 626 1998 inclptis
641 1924 827 1991 magnamm
842 1905 980 1986 gentium
996 1924 1032 1969 ac
1043 1908 1205 1973 nationum
1219 1910 1343 1993 regibus
1354 1911 1431 1977 nibil
1446 1912 1504 1977 nisi
1519 1930 1587 1975 am-

389 2014 470 2095 plum
481 2005 739 2092 splendidumque
750 2002 829 2064 dono
840 1996 938 2061 offerri
951 1997 1077 2080 darique
1088 2010 1236 2082 oporteat,
1248 2011 1351 2067 tamon
1364 2004 1489 2086 quando
1500 2006 1589 2070 Sum-

388 2123 451 2170 mae
467 2101 606 2168 interris
621 2098 786 2161 Potestates
799 2094 892 2153 baum
908 2089 1068 2172 Optimum
1083 2093 1253 2158 Maximum
1267 2095 1416 2175 referunt,
1428 2100 1480 2179 qui
1494 2098 1585 2164 thure

388 2200 416 2264 in
429 2193 657 2263 suaveolentem
672 2186 811 2252 nidorem
827 2183 962 2262 abituro,
977 2189 1008 2246 et
1019 2186 1163 2250 tenuibus
1176 2185 1289 2252 llorum
1304 2190 1425 2255 corollis
1438 2191 1587 2255 honorari

388 2310 448 2357 aon
461 2293 656 2372 aspamatur,
669 2283 727 2346 hac
740 2278 855 2343 fiducia
867 2277 964 2342 lretus
979 2279 1036 2343 hos
1049 2280 1086 2343 de
1097 2280 1225 2364 Physica
1240 2282 1400 2362 Medicina,
1414 2303 1491 2366 quos
1504 2283 1595 2349 lucu·

390 2383 473 2449 bravi
497 2381 608 2456 libros,
621 2376 676 2440 tibi
692 2374 757 2438 Rex
771 2369 949 2448 celsissime,
979 2371 1150 2438 inscribere
1174 2394 1210 2438 ac
1231 2375 1336 2442 dicare
1361 2378 1517 2443 constitui.
1532 2379 1590 2444 be·

391 2497 440 2562 ges
451 2477 540 2544 enim
551 2474 584 2536 in
594 2469 658 2534 suis
672 2463 904 2531 definitionibus
916 2462 1033 2527 habent
1046 2466 1117 2548 jura
1130 2484 1197 2531 esse
1208 2468 1378 2547 individua,
1391 2475 1421 2533 et
1432 2479 1547 2553 quanto
1561 2472 1595 2535 in

391 2568 546 2644 maximis,
563 2571 647 2629 tanta
661 2562 693 2626 in
708 2557 847 2623 minimis
860 2557 1059 2621 aestimanda.
1075 2559 1241 2626 Levidcnse
1253 2562 1377 2647 quidem
1390 2564 1447 2632 hoc
1462 2584 1588 2643 munus,

392 2667 438 2732 sod
454 2662 514 2728 tibi
523 2659 663 2724 debiturn
678 2662 796 2718 tamem
813 2650 867 2732 qui
887 2652 941 2714 ubi
956 2651 1096 2733 primurn
1111 2653 1169 2719 boc
1190 2674 1320 2739 regnum
1334 2676 1353 2720 a
1367 2656 1593 2722 Germanorum

395 2757 489 2822 armis
510 2752 640 2838 parasti,
663 2747 700 2812 ad
715 2747 819 2810 literas
844 2763 899 2810 suo
912 2745 1005 2809 nitori
1018 2747 1219 2813 restituendas
1233 2751 1375 2813 animum
1390 2750 1548 2835 adjecisti3
1565 2757 1596 2815 et

396 2848 489 2934 Regia
501 2843 685 2911 liberalitate
695 2838 729 2902 in
742 2855 795 2901 eas
809 2836 931 2915 collata,
945 2837 1176 2920 Neapolitanam
1199 2841 1391 2906 academiam
1408 2842 1461 2907 diu
1476 2862 1494 2905 a
1507 2863 1597 2925 prae·

392 2938 525 3007 sidiariis
536 2934 689 3000 militibus
703 2934 896 3011 occupatam,
906 2947 968 3009 qua
977 2929 1068 2994 solita
1077 2931 1256 2996 scholarum
1271 2941 1356 3015 parte
1371 2935 1596 3010 celebrabatur,

393 3041 526 3100 sarctam
538 3035 712 3107 tectamque
725 3027 755 3087 et
766 3040 843 3086 novo
853 3039 943 3103 opere
954 3023 1120 3103 expolitam
1132 3042 1196 3088 esse
1206 3025 1375 3106 imperasti.
1387 3027 1452 3098 Oua
1465 3027 1595 3107 quidem

392 3131 421 3194 in
432 3147 469 3194 re
479 3123 580 3191 cuivis
594 3121 680 3207 gravi
695 3122 880 3198 argumento
891 3116 1004 3199 probas
1016 3125 1044 3179 te
1059 3114 1201 3180 Ludorici
1215 3118 1317 3200 Magni
1335 3122 1438 3202 proavi
1455 3122 1499 3183 tui
1514 3139 1601 3202 prae·

394 3219 576 3287 clarissimis
589 3211 738 3295 exemplis
754 3211 912 3287 insistere3
923 3211 977 3290 qui
992 3209 1073 3273 inter
1086 3209 1195 3289 multa,
1212 3215 1307 3292 varia,
1322 3223 1353 3280 et
1365 3215 1503 3295 ingentia
1513 3232 1595 3297 quae

397 3312 488 3397 gessit
501 3309 600 3389 bella,
616 3304 810 3372 Gallicanum
828 3320 974 3384 regnum,
992 3312 1151 3385 tamquam
1174 3305 1358 3373 inconcussa
1370 3327 1443 3393 pace
1463 3330 1499 3374 ac
1513 3316 1595 3372 tran·

400 3406 582 3492 quillissimo
601 3404 668 3468 ocio
682 3409 794 3483 ageret,
808 3399 1026 3465 excrrltissimis
1040 3400 1191 3463 Mineruae
1204 3403 1325 3484 studiis,
1340 3404 1511 3469 illustravit.
1527 3404 1595 3469 Non

399 3508 442 3565 est
456 3517 532 3565 sane
545 3514 645 3578 neque
659 3494 719 3558 mei
733 3490 892 3556 imbecillis
903 3491 1031 3575 ingenii,
1043 3510 1143 3574 neque
1162 3493 1245 3557 intra
1258 3494 1358 3561 brevis
1378 3497 1521 3580 epistolae
1535 3516 1592 3562 an·

402 3601 506 3678 gustos
524 3588 672 3654 cancellos
693 3589 726 3651 in
740 3595 808 3651 tuas
821 3586 921 3667 regias
935 3585 1041 3651 laudes
1055 3606 1230 3667 excurrere,
1244 3608 1323 3673 quae
1338 3591 1457 3654 disertis
1471 3592 1595 3657 oratori·

399 3685 455 3753 bus
468 3682 718 3761 patentissimum
735 3679 880 3742 sublimis
900 3677 1089 3761 eloquentiae
1102 3697 1247 3764 campum
1262 3684 1413 3764 aperiunt.
1430 3683 1498 3747 Oris
1511 3702 1599 3748 nem·

400 3776 544 3864 populius
557 3771 693 3858 corporis
707 3772 885 3855 dignitas,et
897 3790 968 3836 cum
980 3774 1113 3856 quadam
1128 3773 1224 3839 ferme
1237 3776 1359 3840 coelesti
1370 3777 1473 3841 vultus
1484 3777 1599 3842 sereni-

399 3877 456 3935 tate
468 3872 675 3949 attemperata
689 3868 855 3948 majeslas3
872 3864 1041 3945 singularis
1067 3867 1100 3929 in
1116 3866 1211 3929 [teum
1226 3867 1331 3949 pietas,
1349 3868 1427 3931 mira
1449 3869 1480 3930 in
1495 3867 1598 3932 subie-

400 3972 459 4029 ctos
474 3960 657 4038 elementia3
672 3961 704 4022 in
720 3959 871 4025 obeundis
890 3957 962 4020 belli
977 3957 1137 4022 laboribus
1161 3968 1280 4023 tenerae
1295 3961 1395 4024 adbuc
1416 3961 1522 4025 aetatis
1536 3962 1599 4024 sin-

400 4054 512 4140 gularis
525 4053 664 4118 alacritas
676 4058 705 4117 et
719 4053 906 4132 constantia3
920 4053 953 4114 iu
965 4052 1118 4134 agitandis
1129 4054 1211 4135 pacis
1224 4054 1361 4120 consiliis
1371 4073 1439 4117 rara
1449 4054 1600 4136 Principis

399 4147 595 4214 adolescentis
616 4146 758 4226 attentio,
772 4145 906 4229 gravitas
920 4152 951 4209 et
965 4148 1142 4228 prudentia3
1159 4147 1241 4211 baud
1263 4155 1310 4212 est
1323 4148 1489 4230 quicquam
1504 4149 1536 4211 in
1551 4149 1604 4232 ju·

401 4242 482 4308 renis
497 4238 589 4322 Regis
602 4239 686 4320 aula,
701 4238 784 4323 quod
799 4257 861 4303 non
885 4239 925 4302 sit
940 4239 1158 4303 intemeratum
1173 4248 1386 4324 sanctumque.
1404 4242 1475 4307 Heia
1490 4239 1520 4303 id
1537 4247 1602 4304 tan-

402 4339 464 4399 tum
479 4332 519 4397 de
532 4339 562 4396 te
576 4332 677 4397 dicere
691 4332 769 4397 mihi
783 4334 831 4397 las
847 4331 896 4411 sit,
910 4334 935 4397 si
950 4331 1015 4397 Rex
1025 4332 1212 4397 fortissimus
1226 4351 1262 4397 ac
1275 4335 1516 4417 sapientissimus
1530 4334 1601 4397 Phi·

402 4424 498 4509 lippus
521 4431 710 4508 paterinus,
726 4426 758 4488 in
773 4430 845 4488 tuae
859 4428 961 4508 regiae
974 4423 1087 4488 indolis
1110 4425 1367 4508 experimentum,
1379 4445 1521 4511 praesens
1542 4425 1599 4489 libi

404 4519 553 4602 praesenti
575 4517 653 4583 haec
667 4535 763 4598 regna
785 4519 976 4602 permisisset
994 4516 1252 4598 administranda,
1263 4520 1444 4602 pientissimi
1465 4519 1604 4603 parentis

431 4628 467 4693 (1)
478 4623 634 4678 Miratoria
644 4623 768 4693 dell’opera
779 4625 866 4680 inedita
877 4628 886 4696 (
898 4643 911 4679 e
922 4623 983 4678 forse
993 4625 1127 4679 smarritasi
1141 4624 1203 4692 )rhe
1211 4645 1268 4681 area
1281 4645 1320 4696 per
1332 4627 1418 4681 titolo:
1431 4630 1468 4682 De
1486 4629 1609 4695 Aequiti-

410 4705 464 4761 teto
476 4711 601 4776 eorporis
610 4711 775 4764 animantis.
