3942 5592
372 605 417 663 tae
430 595 506 676 sint,
521 612 562 662 ex
575 592 701 660 familiis
726 597 810 657 recte
824 592 972 656 institutis
982 592 1171 674 respublicas
1186 602 1268 660 recto
1282 594 1438 660 ordinatas
1452 592 1594 678 proveni·

375 713 408 760 re
419 706 547 758 necesse
560 698 616 757 est.
632 689 716 755 luter
729 695 846 754 eeteros
856 694 961 751 autem
975 686 1057 779 domi
1072 691 1216 771 probatos
1228 708 1331 756 mores
1344 690 1371 754 is
1383 695 1451 755 erat
1466 707 1484 752 a
1497 686 1592 764 majo
1669 740 1673 749 .

376 791 462 856 rihus
472 796 580 853 sancte
589 786 731 867 traditus,
743 795 779 851 ut
793 795 915 850 tenerae
928 783 1173 852 adolescentulae
1183 807 1306 867 uxores,
1318 796 1348 852 et
1357 786 1592 871 quamprimum

376 880 590 965 sumptarir'ili
604 887 676 963 toga
690 879 814 957 mariti,
828 877 978 961 principio
991 879 1225 944 matrimonium
1246 881 1452 946 necessarium
1465 885 1594 942 naturae

375 975 590 1062 propagandae
610 976 817 1041 ministerium
832 981 986 1057 putarent,
1002 995 1206 1059 veneremque
1220 978 1370 1042 sentirent
1382 977 1482 1056 magis
1496 990 1591 1058 quam

376 1069 597 1154 intelligerent,
607 1086 671 1152 qua
683 1087 748 1134 una
761 1086 794 1132 re
803 1067 906 1134 nullas
919 1067 1036 1132 amoris
1050 1086 1088 1132 ex
1101 1070 1241 1153 opinione
1256 1068 1390 1148 delicies,
1405 1087 1484 1152 quae
1493 1067 1594 1148 uigen-

381 1165 494 1230 tiorem
508 1163 588 1228 ritae
602 1168 717 1247 partem
732 1169 940 1227 transversum
955 1169 1062 1244 agunt,
1076 1165 1219 1247 nequiter
1231 1167 1493 1247 concupiscerent:
1508 1163 1592 1228 dein·

377 1256 424 1337 de,
438 1263 476 1320 ut
490 1272 586 1340 quam
601 1255 749 1338 perlectos
762 1255 959 1336 conciperent
972 1253 1082 1337 foetus,
1098 1255 1143 1319 uti
1155 1255 1289 1323 novellae
1302 1254 1592 1340 plantaeiructuum

377 1347 527 1430 primitias
541 1345 783 1428 jucundissimas
796 1346 876 1424 risu,
889 1354 1017 1429 gustatu
1026 1349 1232 1428 suavissimas,
1245 1349 1388 1413 reddunt.
1399 1346 1511 1432 Regale
1521 1365 1593 1411 vero

378 1463 430 1527 par
443 1442 616 1525 conjugum
631 1441 799 1524 praestanti
813 1457 940 1523 corpore
953 1458 1047 1523 quam
1069 1442 1242 1526 spectandi!
1256 1443 1380 1507 hmalia
1399 1443 1481 1507 enim
1496 1440 1595 1505 forma
1700 1468 1702 1473 v

380 1537 509 1602 honesta
529 1552 567 1598 ac
585 1532 708 1598 liberali
727 1550 791 1596 non
805 1532 1002 1614 quotidianas
1015 1533 1106 1599 modo
1120 1536 1235 1614 uincit,
1256 1535 1310 1599 sed
1324 1536 1405 1616 ipsas
1417 1533 1593 1599 luculentas

381 1635 556 1715 exsuperatr
564 1646 656 1711 quae,
663 1629 717 1693 uhi
727 1629 760 1692 in
768 1628 1018 1711 frequentissimis
1026 1630 1189 1694 hominum
1200 1629 1594 1713 celebritatibusprodeunt,

381 1727 525 1792 omnium
540 1723 620 1787 inse
635 1721 763 1787 obtutus
776 1720 931 1803 defigunt,
947 1722 989 1785 ita
1001 1741 1036 1786 ac
1048 1723 1075 1789 si
1089 1723 1166 1787 alias
1180 1723 1330 1786 formosas
1344 1721 1494 1802 laminas,
1514 1737 1594 1802 quae

381 1819 484 1886 eodem
498 1818 577 1883 torte
591 1816 788 1900 conveniunt,
801 1831 864 1878 nox
874 1817 1006 1881 obscura
1015 1826 1197 1899 contegeret:
1207 1819 1292 1881 vultu
1304 1816 1441 1899 praedita
1452 1825 1515 1880 tam
1527 1832 1594 1879 mo-

383 1916 478 1993 desto,
494 1922 559 1979 tam
573 1921 715 1992 uenusto,
730 1918 766 1975 ut
776 1909 963 1977 verecundae
978 1909 1117 1974 Charites
1130 1910 1225 1992 ipsius
1239 1909 1346 1972 taciem
1362 1926 1484 1990 semper
1499 1907 1591 1971 aliam

382 2021 471 2096 atque
485 2009 581 2075 aliam
597 2008 835 2094 pulcherrimam
850 2007 987 2089 lingant:
1003 2006 1056 2070 scd
1069 2014 1099 2071 et
1112 2008 1145 2069 in
1159 2008 1236 2071 facie
1250 2004 1300 2068 vul
1306 2013 1409 2085 tuque,
1420 2012 1451 2066 et
1465 2004 1498 2065 in
1511 2007 1593 2066 statu

382 2116 410 2171 et
423 2109 456 2170 iu
470 2107 597 2172 incessu
616 2105 761 2190 splendor
774 2106 899 2188 quidam
920 2103 1026 2183 regius
1040 2103 1165 2182 eminet,
1180 2119 1254 2182 quo,
1266 2105 1332 2165 sine
1346 2100 1430 2181 regio
1444 2098 1540 2175 cultu,
1554 2097 1595 2161 si·

382 2215 418 2262 nc
428 2199 516 2282 regio
529 2196 692 2275 comitatu,
705 2195 738 2259 in
751 2197 825 2265 solis
838 2194 914 2260 locis
936 2193 1003 2258 sola
1016 2193 1066 2257 rel
1077 2192 1232 2276 agricolis,
1248 2192 1293 2257 vel
1307 2191 1521 2274 apostoribus,
1535 2189 1591 2272 qui

383 2292 553 2356 lormarum
571 2291 696 2356 nullum
711 2290 826 2354 habere
840 2288 939 2353 solent
957 2287 1140 2365 arbitrium,
1155 2295 1370 2370 agnosceretur
1393 2287 1520 2371 Regina.
1536 2285 1594 2350 Sed

384 2384 504 2469 quando
518 2385 578 2450 riri
592 2402 766 2466 uxoresque
778 2391 851 2448 sunt
860 2381 982 2465 generis
990 2381 1120 2445 humani
1130 2381 1293 2459 elementa,
1304 2380 1384 2447 hene
1393 2400 1468 2445 sane
1481 2382 1598 2445 discor-

385 2480 429 2545 dia
438 2482 522 2545 mire
530 2481 683 2547 concorde
692 2479 803 2546 tenella
811 2479 930 2544 amalis
936 2478 1151 2557 GaroloJuucte
1161 2477 1599 2561 est,quiapuerocorporisro-

386 2575 442 2640 hur
451 2576 612 2659 praeclara
626 2577 839 2642 exercitatione
856 2574 990 2638 firmarit
1001 2598 1011 2652 ς
1023 2592 1125 2657 quum
1139 2574 1180 2636 ab
1190 2574 1475 2639 amantissimorum
1489 2590 1598 2656 paren-

386 2674 447 2731 tum
458 2668 625 2754 complexu
634 2669 748 2751 gloriae
756 2686 851 2732 manu
863 2666 1012 2744 divulsus,
1020 2667 1059 2729 ab
1072 2665 1598 2749 ultimaHispaniaimpeditissimos

386 2759 553 2844 Pyrenaeos
564 2761 661 2827 saltus
673 2762 944 2846 nivosasquealpes
951 2760 1151 2842 transcendit,
1162 2761 1455 2843 periculosissimam
1463 2759 1597 2825 hiberno

385 2857 460 2920 mari
474 2855 705 2939 nauigationem
723 2875 908 2940 perpessus,
926 2855 1051 2920 tandem
1065 2856 1125 2918 suh
1146 2855 1242 2918 armis
1255 2873 1381 2937 asperos
1402 2861 1596 2936 praeruptos·
1690 2929 1694 2936 g

386 2968 441 3033 que
454 2953 633 3033 apenninos
647 2953 751 3016 medie
762 2953 874 3034 hyeme
885 2953 1050 3034 superavit,
1064 2958 1095 3016 et
1105 2968 1296 3033 progressus,
1308 2957 1461 3031 quantum
1475 2948 1597 3030 reliqua

388 3044 473 3109 ltalia
487 3045 667 3127 porrigitur,
683 3046 717 3108 in
728 3045 874 3107 ultimam
888 3045 984 3108 ferme
999 3042 1146 3119 Siciliam,
1163 3044 1352 3120 Panormum
1367 3038 1545 3117 contendit,
1560 3045 1595 3102 ut

388 3137 425 3200 ihi
438 3138 540 3217 uictor
553 3140 639 3219 regio
654 3134 768 3220 insigni
785 3138 842 3202 rite
855 3138 1094 3220 solemniterque
1108 3135 1328 3200 redimiretur:
1345 3151 1440 3216 quam
1455 3134 1587 3207 laudem,

387 3226 1590 3313 utlipginauxorcumregiorirooequamquodammodoheberet,summum
1654 3275 1656 3277 >

389 3318 511 3385 Numen
530 3339 654 3404 quoque
665 3321 805 3403 providit:
822 3339 894 3386 uam
908 3320 1007 3386 ferme
1022 3320 1155 3404 puellae
1169 3326 1332 3402 parentum
1353 3316 1600 3401 diligentissimo·

391 3432 458 3479 rum
473 3415 557 3495 sinu,
572 3424 608 3480 ut
621 3416 746 3482 heroico
760 3416 824 3480 ritu
837 3416 1008 3496 nubentes,
1023 3427 1109 3499 grata
1122 3413 1316 3495 jucundaque
1330 3413 1359 3476 ri
1374 3413 1530 3496 abreptae
1544 3428 1598 3492 pa·

391 3510 450 3576 tn'is
464 3511 640 3592 penatibus,
655 3530 719 3576 non
732 3513 898 3596 gestatoria
912 3513 999 3593 sella,
1014 3521 1048 3576 ut
1061 3512 1163 3594 plures
1176 3528 1308 3592 sponsae
1322 3509 1447 3592 reginae
1460 3507 1499 3573 ad
1515 3508 1598 3570 viros

390 3611 503 3681 rectae,
518 3603 572 3669 sed
585 3604 659 3668 cisio
672 3605 823 3687 equisque
844 3623 897 3686 per
908 3614 992 3668 certa
1006 3605 1178 3687 longissimi
1193 3603 1313 3667 itineris
1328 3604 1428 3684 spatia
1441 3599 1600 3682 dispositis

390 3698 468 3762 mille
483 3706 515 3762 et
528 3698 660 3764 ducenta
673 3717 819 3782 passuum
831 3700 929 3764 millia
941 3719 997 3782 per
1006 3701 1146 3781 ingentes
1160 3700 1262 3776 silvas,
1274 3697 1382 3775 saltus,
1395 3702 1528 3769 montes.¹
1539 3693 1597 3757 ssu-

391 3793 534 3875 minaque
545 3793 627 3857 intra
636 3814 774 3860 mensem
786 3793 882 3860 ferme
896 3813 996 3859 unum
1009 3813 1146 3873 emensa,
1158 3801 1301 3859 contento
1314 3811 1407 3857 cursu
1422 3791 1459 3855 ad
1475 3789 1599 3870 nuptia·
1686 3819 1689 3823 ·

390 3883 445 3951 lem
461 3887 635 3952 thalamum
650 3888 749 3952 delata
760 3898 814 3954 est.
828 3891 932 3973 Neque
945 3910 1016 3956 rero
1030 3910 1048 3953 a
1061 3891 1198 3974 corporis
1213 3892 1320 3954 robore
1335 3890 1366 3951 in
1379 3885 1500 3962 Carolo,
1515 3903 1597 3966 quae

390 3971 420 4040 in
433 3975 559 4041 leminis
573 3978 770 4059 pulchritudo
783 3982 896 4046 dicitur
908 3990 939 4047 et
953 3981 1105 4061 laudatur,
1117 3982 1263 4064 dignitas,
1276 3979 1441 4065 proprium
1457 3979 1598 4040 virorum

389 4063 491 4143 decus,
502 4065 691 4150 sejungitur.
708 4071 738 4134 ls
752 4069 847 4149 enim,
861 4072 915 4134 uhi
931 4073 1075 4154 equitans
1089 4074 1120 4135 in
1133 4073 1298 4136 amabilem
1311 4072 1458 4135 ferociam
1473 4089 1600 4152 compo-

390 4162 482 4239 nitur,
498 4161 612 4244 dignus
624 4184 784 4229 armorum
797 4167 963 4250 imperator
974 4169 1277 4250 conspicitrrr3qrrum
1290 4167 1322 4229 in
1335 4165 1499 4245 regiasella
1509 4183 1595 4247 prae·

390 4252 492 4319 sidens
506 4253 656 4321 desideria
669 4258 783 4323 civium
797 4260 894 4337 audit,
906 4260 969 4324 Rex
983 4261 1022 4324 ad
1034 4278 1178 4341 regnum,
1193 4258 1307 4323 nedum
1322 4267 1424 4338 natus,
1443 4262 1541 4325 lactus
1555 4264 1598 4325 vi·

390 4345 491 4424 detur,
503 4349 628 4428 quando
641 4355 723 4414 stans
744 4353 776 4415 in
787 4352 879 4433 regali
901 4354 977 4417 solio
992 4371 1131 4435 proceres
1145 4351 1181 4414 ad
1199 4369 1311 4414 manus
1325 4352 1533 4417 adorationem
1547 4356 1602 4418 ad·

390 4443 612 4518 nutrierimus
626 4446 658 4507 in
672 4448 762 4511 terris
775 4448 824 4511 Dei
839 4449 1042 4512 simulacrum
1059 4445 1246 4511 relert.lllud
1258 4453 1409 4528 postremo
1421 4448 1601 4513 mirandum

390 4537 524 4599 maxime
537 4581 546 4615 ,
561 4537 645 4617 quod
661 4540 737 4604 haec
751 4543 811 4607 duo
825 4544 996 4608 castissima
1009 4560 1137 4623 corpora
1150 4540 1254 4604 divina
1271 4540 1462 4606 Prouidentia
1483 4543 1602 4622 tlajelae

392 4628 538 4710 conjungi
553 4630 658 4707 soluit,
672 4641 707 4695 ut
720 4637 803 4716 quod
820 4638 851 4699 iu
867 4639 961 4701 totius
982 4635 1192 4699 Mediterranei
1211 4635 1304 4696 maris
1316 4654 1370 4699 ora
1387 4634 1530 4697 omnium
1549 4637 1600 4699 lir-

392 4718 567 4782 missimum
581 4723 677 4785 situm
691 4724 840 4807 oppidum
854 4728 979 4792 Carolus
992 4726 1168 4791 ricrrieihus
1180 4727 1278 4790 armis
1293 4725 1409 4808 recepit
1421 4772 1430 4805 ,
1446 4723 1485 4789 ihi
1502 4728 1602 4808 prima

459 4825 539 4883 vtro.
562 4831 699 4901 opuscola
961 4824 963 4829 ’
1470 4840 1500 4892 ar
