3942 5592
503 494 563 558 102

460 602 469 666 “.
482 695 487 708 .
499 611 629 702 (tr-aolus
643 625 734 673 eausa
747 614 850 688 tropea
863 613 920 688 ort,
934 623 1000 669 oum
1012 613 1170 672 incutitur
1182 607 1359 670 uocabulum
1379 610 1421 673 ad
1434 609 1536 672 tumea
1548 613 1656 673 oratio
1691 684 1693 687 v

453 687 826 849 mshthtuhlhhteheashereadi
840 773 918 847 tropi
930 773 973 834 ad
987 771 1165 832 honestatem
1179 774 1354 860 excapitati,
1369 784 1493 848 eumque
1506 772 1589 834 dictu
1596 791 1653 850 pa·

453 867 521 911 rum
534 850 655 912 hoaesto
668 856 751 930 suat,
766 849 884 927 deflexo
897 870 964 915 uoce
979 852 1130 927 dicamur,
1144 853 1176 909 ut
1189 855 1371 913 retrimenta
1381 848 1453 921 cibi,
1467 849 1656 930 praefandus

454 927 652 1074 huhrlhhrtitur
664 1017 762 1074 autem
774 1009 953 1088 sr'qaifieotio
965 1011 1220 1091 quadrupliciter,
1234 1011 1280 1071 oet
1302 1030 1324 1070 a
1347 1016 1405 1071 toto
1429 1009 1471 1068 ud
1480 1013 1613 1087 partem,
1625 1017 1652 1074 el

451 1095 565 1167 eontra,
579 1093 626 1152 uel
638 1113 657 1155 a
671 1099 769 1154 causis
781 1091 943 1171 adelferio,
957 1098 984 1154 et
997 1097 1138 1165 uicissim,
1154 1089 1202 1149 vel
1214 1108 1233 1150 a
1247 1093 1407 1168 similibus,
1422 1088 1468 1149 oel
1482 1089 1519 1149 ah
1533 1098 1654 1171 opposi-

451 1171 500 1229 tis.
514 1171 591 1231 Iliae
602 1179 729 1249 quotuor
738 1175 886 1252 primarii
898 1176 988 1255 tropi,
1002 1169 1193 1254 synecdoche,
1214 1175 1402 1253 metonymia,
1422 1169 1610 1248 metaphora,
1624 1179 1652 1233 et

449 1250 561 1331 tronto,
575 1251 700 1332 adquae
712 1257 819 1317 caeteri
832 1269 929 1315 amaea
943 1258 1127 1326 revocamur,

921 1467 965 1515 DE
977 1461 1178 1513 murtenam.

492 1659 545 1722 Ea
557 1662 690 1724 amathus
704 1667 809 1743 tropis,
823 1670 883 1727 siue
896 1661 1080 1742 splendorem
1090 1665 1211 1738 spectes,
1231 1661 1394 1736 elvidium,
1404 1656 1500 1733 sacili
1508 1660 1651 1737 princeps

450 1742 632 1820 metaphora.
649 1744 752 1821 Neque
765 1751 843 1806 eaim
857 1746 937 1805 alius
950 1749 992 1803 est
1002 1747 1104 1819 tropus
1119 1758 1154 1801 ea
1165 1742 1365 1819 frequentia,
1376 1756 1429 1799 aec
1436 1738 1588 1815 floridior,
1598 1745 1650 1801 aut

451 1819 610 1882 illustrior.
623 1824 670 1887 Ea
682 1829 725 1885 est
738 1825 847 1900 lumea,
859 1831 886 1885 et
899 1824 985 1885 stella
999 1826 1156 1899 oratimais,
1170 1823 1281 1895 breuis,
1295 1824 1323 1878 et
1337 1824 1490 1878 eontracta
1510 1827 1650 1898 tauaam

450 1916 547 1961 uocem
560 1902 736 1984 similitudo,
746 1903 879 1984 facitque
892 1908 933 1967 ad
946 1908 1072 1982 copiam,
1083 1904 1277 1977 contestatorie,
1288 1904 1316 1960 et
1329 1901 1520 1962 evidentiam.

491 1980 589 2059 lqitur
602 1987 704 2063 tropus
715 1991 758 2045 est
767 1988 958 2065 ,metapharot
973 2002 1031 2062 quo
1044 1983 1161 2045 oerhum
1174 2001 1194 2044 a
1203 1985 1330 2058 propria
1343 1977 1559 2058 er‘quificatioae
1570 1983 1606 2040 ia
1620 1997 1653 2040 a·

451 2059 560 2122 amam
573 2065 750 2140 troassertur
763 2066 1060 2140 ohqsr'mititudiaem
1074 2069 1109 2124 ut
1122 2066 1151 2124 ri
1163 2077 1231 2124 eum
1244 2059 1353 2136 immo,
1369 2075 1454 2138 quem
1462 2065 1571 2138 postea
1590 2060 1655 2120 Vir·

449 2139 542 2220 qiliur
555 2148 683 2223 eueepit,
700 2144 854 2225 Scipiones
867 2149 953 2208 dicae

722 2272 729 2288 .
773 2271 781 2286 .
827 2272 835 2289 .
878 2219 1178 2289 duoiulminabelli.
1527 2257 1530 2262 ·

490 2302 662 2367 Similitudo
674 2312 729 2380 est,·
746 2324 815 2368 uam
832 2306 988 2383 utiulmea
1001 2309 1140 2382 temporis
1149 2309 1292 2366 momento
1305 2304 1403 2380 terret,
1416 2304 1525 2382 taaqit,
1535 2304 1654 2381 sterm't,

448 2384 492 2442 ita
507 2385 657 2461 Scipioaee
668 2392 785 2462 terrori,
798 2388 891 2462 eladi,
904 2391 932 2448 et
948 2386 1069 2447 excidio
1090 2386 1198 2446 Paeaie
1210 2387 1346 2464 fuerumt.

495 2461 699 2544 Undecumque
710 2473 773 2546 poti
783 2472 880 2546 potest
905 2464 1078 2544 metaphora
1090 2509 1099 2541 ,
1113 2468 1200 2528 modo
1216 2483 1350 2542 cumea,
1364 2465 1444 2526 uado
1453 2467 1568 2541 potitur
1582 2504 1592 2538 ,
1609 2466 1649 2523 rit

450 2542 627 2618 similimum
642 2564 718 2623 quae
732 2551 963 2624 memorarent,
978 2564 1012 2607 eo
1023 2543 1198 2622 metaphora
1211 2546 1450 2622 commendatior,
1461 2549 1495 2605 ut
1508 2546 1576 2607 suat
1592 2558 1650 2602 me-

448 2620 600 2699 taphorae,
614 2642 690 2703 qaae
705 2626 841 2686 dicuutur
853 2629 1077 2705 reciprocam-ut
1090 2624 1167 2702 duo,
1182 2643 1262 2688 meas
1275 2628 1438 2696 exereitum
1453 2629 1585 2696 ammas,
1598 2627 1653 2682 im·

449 2704 569 2779 perator
578 2709 658 2765 vitae
669 2706 848 2767 mortalium.

1678 2933 1692 2965 Ο

494 3020 570 3078 Fessi
582 3021 600 3077 ii
616 3022 771 3093 Tropaper
786 3030 945 3081 ornamento
958 3023 1066 3097 quondo
1081 3023 1102 3079 ε’
1113 3024 1215 3080 inverte
1234 3021 1252 3078 il
1267 3018 1399 3078 vocabolo
1412 3033 1462 3091 per
1480 3017 1531 3094 der
1543 3018 1618 3077 iume
1630 3016 1655 3073 ui

451 3092 585 3168 uicorsa,
601 3113 688 3154 come:
704 3095 768 3153 ride
780 3095 803 3153 tt
817 3115 911 3156 more.

381 3220 387 3225 .
489 3172 511 3228 Ε
524 3188 579 3244 qun
593 3174 616 3229 si
629 3173 695 3230 vuol
707 3173 813 3230 rilerire
827 3174 834 3229 i
848 3178 919 3246 tropi
934 3176 1031 3232 trovoti
1045 3179 1072 3232 in
1086 3175 1176 3248 grazia
1189 3174 1260 3231 dello
1280 3172 1392 3241 anesti3
1414 3169 1525 3242 quando
1544 3169 1569 3225 le
1587 3184 1653 3226 ease

448 3261 521 3318 paen
534 3257 627 3306 oneste
642 3253 665 3306 si
678 3254 835 3320 esprimono
849 3266 902 3307 eon
916 3253 1038 3309 vocabuli
1053 3253 1151 3325 piegati
1165 3251 1208 3307 dai
1224 3250 1313 3306 nativa
1328 3262 1408 3303 senso
1421 3287 1429 3320 ,
1444 3263 1544 3319 come:
1568 3261 1656 3319 spur·

447 3337 530 3395 poreq
545 3324 659 3382 andare
672 3342 693 3382 a
703 3331 829 3399 priuato.

487 3397 514 3454 S’
524 3400 628 3457 inverte
642 3402 667 3457 lu
680 3402 876 3473 significantem
889 3403 915 3459 in
929 3402 1138 3476 quattromodi.
1152 3400 1199 3458 nal
1214 3406 1286 3456 tutto
1301 3398 1354 3457 ulle
1367 3409 1461 3470 porto,
1475 3413 1490 3454 e
1503 3397 1529 3454 ul
1541 3401 1653 3452 contro·
1673 3430 1678 3440 -

448 3473 501 3529 rio.
516 3475 589 3531 Delie
601 3493 685 3534 euuse
699 3477 751 3550 egli
766 3476 856 3539 etietti,
872 3495 887 3535 o
901 3480 1053 3537 avicenda.
1069 3480 1114 3536 mi
1129 3477 1216 3534 simili.
1230 3476 1305 3549 ungu
1316 3472 1540 3546 oppasti.Quindi
1552 3472 1651 3544 iquit-

448 3554 491 3605 tro
503 3551 623 3685 primasii
639 3554 717 3624 tropi,
733 3551 907 3625 sineddmhe,
922 3557 1086 3629 metonimiu,
1109 3553 1257 3625 metatore,
1272 3552 1377 3623 irouin;
1400 3552 1424 3609 o‘
1437 3549 1513 3622 qunli
1532 3548 1570 3622 gli
1583 3546 1650 3605 nitri

449 3627 513 3684 tutti
525 3627 548 3683 si
560 3628 583 3684 ri
605 3644 704 3685 uoono.

928 3793 1011 3832 natu
1024 3792 1166 3834 tinnienti.

487 3933 657 4008 Grandeggin
671 3952 704 3994 su
719 3938 785 3996 tutti
796 3937 804 3991 i
816 3937 885 4007 tropi
900 3936 925 3991 ia
938 3938 1085 4008 metatore,
1098 3956 1113 3995 e
1128 3955 1176 4010 per
1189 3939 1215 3994 lo
1229 3938 1373 4008 splendore
1386 3951 1402 3992 e
1414 3952 1464 4008 per
1477 3935 1496 3992 Ρ
1508 3951 1569 3992 uso.
1593 3934 1655 3992 Poi-

391 4049 395 4059 .
452 4007 503 4065 ohe
516 4010 597 4067 niuno
612 4011 627 4068 e
640 4014 687 4085 piu
701 4029 828 4080 comune,
844 4011 877 4068 ne
891 4013 937 4083 piir
951 4015 1065 4085 florido,
1087 4013 1119 4070 ni
1140 4015 1186 4085 piu
1205 4014 1322 4071 illustre.
1344 4014 1413 4069 Essa
1432 4010 1447 4067 e
1468 4011 1530 4067 iuoe
1549 4027 1565 4068 e
1580 4010 1657 4067 stelio

450 4082 523 4141 della
536 4088 670 4159 omniane,
688 4091 771 4147 breve
784 4088 957 4145 similitudine
969 4091 1089 4147 ristrettu
1103 4094 1129 4148 in
1144 4107 1198 4146 una
1208 4107 1295 4160 voce3
1310 4106 1325 4146 e
1339 4087 1492 4146 conterisoe
1503 4086 1556 4144 ulla
1566 4088 1656 4157 capio,

451 4157 505 4216 eliu
518 4166 631 4235 maesti,
647 4165 700 4222 olla
713 4166 850 4224 evidenzu.
868 4164 997 4220 delatore
1009 4164 1150 4238 dunquee
1168 4167 1187 4222 ii
1201 4175 1291 4237 tropo,
1312 4165 1362 4221 che
1386 4170 1521 4235 trusportu
1542 4178 1597 4219 una
1610 4177 1658 4232 po·

450 4236 509 4292 rolo
521 4236 593 4295 dulln
607 4258 656 4297 suu
671 4242 781 4314 propriu
795 4241 964 4313 signiiieunzu
974 4242 1008 4299 nd
1025 4242 1069 4297 un’
1080 4243 1166 4313 altra3
1183 4259 1262 4299 come
1277 4257 1306 4298 se
1321 4257 1373 4298 aaa
1388 4241 1475 4296 Ennia
1489 4239 1596 4312 segnito
1611 4239 1656 4308 pai

449 4311 484 4367 du
497 4313 609 4387 Virgilio
621 4318 766 4374 ehiomerni
780 4317 816 4390 gii
831 4317 949 4387 Scipioni
967 4338 978 4367 a
996 4318 1048 4374 due
1068 4319 1173 4375 fulmini
1187 4319 1212 4375 di
1222 4334 1323 4390 guerra
1339 4335 1367 4387 ης
1383 4312 1412 4371 la
1427 4313 1603 4372 similitudine
1615 4319 1659 4369 stu

444 4387 474 4441 in
486 4400 594 4461 questa,
610 4394 671 4460 ohe,
687 4410 765 4451 come
778 4395 796 4448 ii
811 4393 921 4450 fulmine
933 4394 959 4448 iu
975 4411 1011 4448 un
1025 4394 1121 4451 istunte
1142 4397 1304 4464 atterrisoe,
1321 4401 1385 4451 urta
1404 4393 1437 4449 ed
1452 4391 1582 4459 abbatie,
1597 4390 1658 4446 cosi

447 4461 486 4536 gli
497 4467 612 4536 Scipioni
628 4486 758 4526 recorono
772 4469 796 4524 a'
807 4469 982 4541 Cartaginem,
997 4473 1102 4535 timore,
1118 4473 1253 4539 scandito,
1269 4469 1419 4526 stermiuio.
1471 4492 1474 4498 ¹

485 4541 511 4595 Si
522 4545 576 4613 puri
590 4545 707 4615 prender
720 4544 745 4600 lu
760 4546 889 4602 metutam
902 4547 936 4602 da
950 4545 1130 4619 quolsivoglin
1143 4563 1221 4613 cosa,
1234 4545 1338 4617 purehe
1359 4546 1384 4600 vi
1401 4544 1423 4599 si
1437 4543 1508 4599 troii
1523 4542 1548 4597 ln
1561 4539 1656 4597 simili·

448 4614 552 4686 tudine3
562 4619 586 4676 lu
596 4622 675 4693 quulo
687 4629 788 4694 quanto
800 4621 814 4677 e
826 4623 962 4694 maggiore
976 4622 1023 4692 piir
1034 4620 1049 4678 e
1059 4624 1282 4680 commendevole
1293 4622 1319 4678 ln
1330 4618 1470 4690 metatorem
1480 4635 1558 4675 eome
1568 4615 1660 4689 quelle

449 4690 500 4747 che
514 4694 535 4748 ei
548 4696 689 4754 ehimnuna
700 4698 755 4754 reci
760 4697 869 4767 proclre:
883 4696 909 4757 ll
919 4699 993 4758 dirce
1004 4706 1097 4758 merite
1107 4697 1312 4764 deli‘esereitm
1324 4697 1451 4755 lanima
1461 4692 1659 4752 commendante

421 4829 424 4834 ἕ
449 4763 530 4824 della
542 4772 606 4829 cita
618 4773 667 4831 dei
682 4771 812 4833 armiati.
