3942 5592
1507 507 1563 568 185

375 622 478 698 tinuit,
480 634 541 698 per
553 620 645 678 totam
657 618 806 694 reqionem
813 627 893 690 pone
906 609 1120 687 tertrametro,
1135 613 1162 668 et
1176 625 1261 670 casua
1273 614 1467 689 canstmctae,
1481 629 1555 690 quas
1569 614 1596 670 et

381 716 492 778 milites
499 715 647 793 eipaqoni
656 707 786 770 admitte
793 703 1175 784 cumsamlusrnbabrtant
1181 705 1421 767 Sanctioraarcis
1434 705 1615 783 altissimis,-
1698 766 1700 770 ,

382 816 409 871 d
421 826 518 887 aeque
530 804 698 885 inqentibus
706 805 837 864 eneitata
847 799 978 860 turribus
990 814 1104 877 ,eoque
1113 815 1168 874 per
1181 799 1333 877 lapidatore
1348 805 1490 878 porum
1477 803 1599 861 nteriori

382 898 484 978 [meae
496 899 705 971 tnuuncntou,
713 892 991 973 penetratur,aditu
1004 890 1046 949 ad
1055 893 1271 966 septemtriones
1278 894 1424 969 perbtnas
1432 898 1535 972 portas
1542 911 1599 970 pa·

381 997 458 1055 iente
468 1033 478 1069 ,
488 1007 568 1070 quae
580 992 696 1055 ambus
705 987 847 1063 turribus,
857 1003 918 1047 una
932 987 974 1046 aot
983 982 1137 1064 astqulum,
1149 985 1347 1064 atterajucta
1361 990 1546 1067 exercitata,
1562 1004 1598 1046 ae

380 1084 690 1162 auronpcrsnuna
699 1080 932 1160 propuquaeulis
946 1082 1256 1157 neminemneminer
1269 1083 1388 1157 quaem
1396 1087 1499 1160 porta,
1515 1083 1602 1145 Sara·

378 1180 514 1237 almum
522 1170 774 1251 norcuejectrns,
785 1174 941 1231 intimaea
950 1185 1226 1248 aerepersummmn
1235 1171 1391 1247 artificium
1402 1172 1599 1255 celata,atque

379 1288 471 1350 super
484 1269 582 1350 liujus
603 1267 743 1330 uestibulo
757 1266 947 1345 triumphalis
961 1264 1110 1344 Alpbonsi
1123 1267 1267 1344 Araqonii
1283 1272 1388 1330 visitur
1400 1287 1500 1350 arcun,
1524 1274 1601 1331 inter

379 1359 1076 1440 turresusqueademumsasttqiumqrapiriceet
1086 1360 1602 1439 naqnificentereatructus.tnarcis

376 1458 583 1539 penetrabbus
589 1461 688 1535 reqiae
694 1456 941 1535 olimaeetes,post
951 1457 1059 1531 Reqius
1069 1454 1326 1534 tnesaumn,bodr'e
1338 1455 1603 1517 Amuamentarium

380 1571 473 1631 reque
494 1551 631 1629 eliqnum
652 1548 836 1610 Adventante
858 1554 952 1628 iqitur
966 1548 1147 1609 discriminis
1166 1547 1227 1625 die,
1241 1553 1275 1608 in
1289 1554 1422 1627 sequenti
1434 1555 1515 1610 nocte
1530 1551 1603 1610 Pro-

382 1661 482 1725 repern
491 1647 690 1724 opportunum
703 1643 789 1704 caedi
801 1647 921 1720 auriqa,
927 1645 1037 1718 paucis
1050 1644 1118 1705 aitte
1131 1639 1233 1702 diebus
1244 1642 1280 1701 de
1292 1645 1360 1720 ejus
1370 1640 1489 1719 [armtia
1502 1643 1604 1703 limis·

380 1757 442 1819 sus,
459 1742 556 1802 uiuit.
573 1739 727 1816 Sanqrins,
746 1737 965 1816 Clrassiprutus,
982 1739 1127 1814 cappatus
1140 1740 1166 1794 et
1184 1736 1355 1797 Grimalrlus
1378 1737 1540 1798 Bonoso
1549 1754 1603 1818 per

381 1833 533 1894 Notitiam
545 1833 694 1906 accersiti,
707 1829 867 1907 Neapolim
880 1831 967 1889 noctu
978 1828 1154 1887 contendunt
1161 1847 1174 1897 ,-
1185 1843 1253 1885 nam
1265 1830 1426 1902 capuanus
1438 1830 1560 1904 mansit,
1570 1830 1603 1886 ut

381 1926 738 2003 ancilir'spraestoesset,
750 1925 926 1998 insequenti
939 1925 1032 1997 nocte,
1047 1923 1081 1979 nt
1094 1918 1221 1990 diceban·
1228 1937 1259 1980 re
1269 1920 1377 1994 autem,
1386 1923 1420 1978 ut
1429 1924 1542 1997 inteqer
1547 1934 1604 1995 per

381 2017 485 2082 aliena
494 2017 649 2096 periurio,
664 2033 722 2092 quo
732 2030 807 2075 auso
820 2017 989 2089 erumpant,
999 2011 1173 2088 speculetur.
1190 2009 1335 2087 ibosectis
1347 2015 1440 2088 iqitur
1453 2010 1531 2070 idem
1541 2010 1605 2070 Ma·

381 2110 450 2171 tan
463 2115 492 2172 et
510 2111 707 2173 normanna
727 2111 769 2171 ad
779 2113 878 2169 uicum
895 2110 1047 2169 Casmiam
1061 2107 1181 2183 dietmn,
1194 2106 1236 2166 orl
1255 2108 1372 2166 tertium
1391 2105 1428 2165 ab
1442 2107 1513 2167 urbe
1525 2106 1603 2184 lapi·

383 2201 463 2280 dem,
474 2202 578 2278 prima
589 2200 655 2259 luce
669 2198 782 2259 obviam
795 2196 885 2274 sacti,
897 2200 1040 2273 veritique
1050 2194 1235 2274 frequentem
1249 2200 1276 2255 at
1285 2198 1488 2258 interdianum
1501 2197 1544 2256 aul
1553 2213 1605 2255 ur·

382 2301 444 2362 bem
457 2301 578 2359 aditum
590 2314 649 2376 qua
667 2295 821 2374 fallantur
834 2293 962 2369 indicia,
975 2300 1009 2354 in
1021 2292 1133 2353 ultimo'
1144 2296 1229 2354 dicae
1252 2293 1366 2355 Mariae
1386 2292 1537 2372 Virqinum
1550 2294 1606 2355 Re·

383 2397 472 2470 qinae
486 2393 626 2454 suburbio
645 2397 679 2452 in
691 2397 795 2472 crupta
808 2390 850 2450 ad
863 2389 926 2450 clioi
941 2385 1086 2447 Ianuarii
1089 2385 1367 2465 ptochotroplm,
1378 2405 1433 2466 per
1446 2385 1607 2465 cujusdam

386 2489 498 2545 sutoris
512 2486 602 2545 uetes
615 2489 649 2545 in
657 2488 791 2563 cryptam
801 2484 990 2559 pertinentes,
1003 2478 1120 2540 Malitia
1134 2480 1174 2539 art
1186 2484 1382 2556 insequentem
1390 2497 1484 2557 usque
1492 2483 1606 2538 nortem

387 2576 520 2640 neuim
530 2593 621 2656 aqere
632 2578 725 2637 curat.
737 2576 783 2638 Eo
792 2577 871 2634 enim
882 2589 937 2651 per
949 2571 1062 2632 rudera
1075 2577 1102 2632 et
1111 2576 1237 2650 anqustc
1250 2575 1362 2648 semita,
1374 2576 1401 2631 et
1414 2571 1530 2631 deserta
1539 2570 1607 2632 rub·

387 2673 484 2750 tuat,
497 2689 558 2751 quo
566 2677 685 2750 primus
698 2675 804 2732 montis
813 2669 915 2731 bintus
928 2670 970 2729 ael
979 2670 1157 2731 occidentem
1166 2670 1258 2731 salem
1267 2674 1412 2748 spectans,
1422 2667 1556 2749 effossam
1565 2687 1606 2730 ea

341 2780 344 2790 ·
390 2768 459 2843 ipsa
472 2768 620 2824 memento
644 2777 789 2824 emmeram
801 2759 933 2837 exbibet,
947 2759 1001 2820 ubi
1010 2765 1125 2821 uetusta
1137 2758 1365 2820 christianorum
1385 2765 1494 2822 uisitur
1506 2762 1606 2838 aedes,

388 2862 441 2921 sert
454 2857 584 2920 neusa
592 2862 751 2937 etparietes
764 2858 1009 2935 inconditepicti,
1019 2856 1181 2916 simulacra
1194 2855 1311 2933 infabre
1322 2856 1451 2934 sculpta,
1462 2855 1605 2917 barbarae

389 2958 613 3032 inscriptiones,
622 2968 702 3031 pone
724 2969 809 3012 aram
822 2967 938 3031 quoquo
957 2969 1058 3014 cerrus
1079 2951 1210 3028 fornices
1233 2956 1265 3010 in
1283 2955 1501 3028 penitissimum
1514 2970 1608 3030 usque

387 3052 510 3108 montera
523 3051 635 3124 canati,
651 3052 706 3125 qui
727 3049 898 3127 ampliores,
913 3047 1104 3123 altioresque,
1120 3051 1173 3124 qui
1193 3045 1229 3106 ab
1244 3045 1292 3104 liis
1306 3046 1375 3127 alii,
1388 3050 1416 3106 et
1437 3064 1492 3123 per·
1509 3065 1608 3107 omnes

385 3149 499 3222 merim
512 3162 549 3204 aa
562 3148 677 3224 temere,
692 3149 725 3206 in
739 3145 815 3205 aiios
830 3147 1000 3224 divertitur,
1015 3149 1066 3205 aut
1079 3149 1112 3204 in
1120 3142 1335 3224 profundiores
1342 3149 1441 3224 juata
1449 3163 1508 3223 per
1520 3149 1604 3206 cuni·

390 3238 471 3299 culos
493 3237 672 3299 mentimur.
690 3238 781 3299 Atius
795 3254 878 3299 mores
891 3242 1034 3299 oet-astate
1048 3236 1201 3298 subsidens
1208 3241 1328 3316 penitus
1340 3239 1557 3318 intercluserat,
1568 3245 1602 3300 in

388 3318 484 3408 ulios,
496 3329 593 3390 ueluti
601 3345 660 3405 per
672 3329 780 3390 theatri
792 3334 958 3407 narratoria,
968 3334 1152 3407 pervenitur,
1166 3337 1264 3391 omnia
1286 3331 1501 3410 sepulebretum
1514 3338 1609 3396 asten·

392 3422 464 3478 tant.
487 3420 550 3482 Sed
571 3424 615 3480 tic
625 3420 811 3497 pulchronii
826 3426 957 3481 armaria
980 3421 1043 3481 alia
1057 3439 1147 3499 super
1167 3422 1249 3504 aliis,
1260 3442 1316 3502 pro
1338 3429 1482 3505 cujusque
1503 3432 1609 3489 aetatis

393 3511 479 3570 nouo
491 3508 657 3592 effossa,en
675 3510 752 3588 sorte
764 3519 929 3574 canrmunia
942 3532 1017 3594 quae
1035 3519 1068 3574 in
1086 3513 1236 3591 fantinum
1243 3519 1409 3594 parietibus
1418 3525 1608 3597 prominent‚·

394 3608 470 3664 certa
494 3619 565 3663 uero
575 3606 704 3680 passim,
718 3604 771 3665 nbi
793 3611 950 3668 incrustati
963 3622 1108 3681 soresmos,
1122 3612 1149 3666 et
1161 3610 1386 3672 uersicoloribus
1404 3611 1520 3690 lapillis
1539 3632 1608 3674 con·

395 3701 475 3776 terti,
487 3696 589 3775 ibique
602 3699 682 3756 imus
695 3704 808 3776 aere,et
818 3704 887 3778 post
899 3718 949 3763 eas
962 3705 1057 3762 instar·
1067 3702 1321 3780 columbariorum,
1335 3707 1383 3766 ool
1388 3710 1488 3785 juata
1501 3726 1537 3767 ac
1547 3727 1610 3769 cre·

398 3786 451 3846 bro
464 3787 651 3848 balinearum
664 3788 834 3866 seputcbra.
849 3791 984 3870 onusque
998 3810 1103 3853 caecus
1116 3792 1231 3872 barror,
1245 3811 1321 3873 ossa,
1337 3797 1451 3877 reliqio.
1467 3801 1544 3860 Itum
1555 3807 1610 3880 qui

395 3898 488 3960 supra
497 3888 651 3942 memorali
662 3882 710 3944 liis
719 3903 751 3945 se
762 3886 881 3948 latebris
895 3892 1007 3966 tequnt,
1017 3907 1037 3948 a
1052 3889 1181 3966 Spinello
1190 3890 1304 3966 aliquot
1313 3893 1450 3970 Proreqis
1463 3901 1612 3975 mancipia

392 3991 446 4051 per
459 3979 599 4054 ouripam
612 3982 764 4056 corrupta,
778 3982 805 4038 et
819 3980 942 4055 quietam
956 3980 1066 4040 lanista
1085 3981 1121 4041 de
1135 3979 1270 4059 Proreqis
1282 3985 1371 4042 carue
1384 3989 1517 4059 sequenti
1530 3990 1612 4046 nocte

396 4071 590 4146 transiqeneta
604 4069 808 4130 admonentur.
821 4071 1051 4133 Annamentarii
1064 4079 1181 4133 curator·
1190 4079 1334 4152 octoqinta
1347 4072 1513 4136 bominibus
1527 4094 1612 4139 arma

399 4165 533 4238 instruit,
545 4168 574 4223 et
592 4181 629 4224 ne
642 4164 710 4226 ulto
721 4181 804 4226 mara
818 4173 897 4228 arcis
911 4186 944 4227 oc
946 4173 1100 4247 crepationi
1109 4170 1189 4243 ρ’·(ιι
1177 4187 1210 4228 cn
1222 4170 1285 4229 ioco
1297 4168 1437 4232 vestibulo
1451 4175 1530 4229 arcis
1540 4188 1612 4247 pro·

400 4261 493 4333 cino,
503 4264 610 4319 cuncta
624 4266 782 4339 componit,
796 4263 935 4324 destinat.
951 4262 1039 4325 Atius
1051 4270 1173 4326 cestium
1186 4267 1313 4343 imerpot
1313 4265 1417 4340 ator,
1397 4283 1464 4346 qam
1478 4274 1612 4346 oerqente

397 4345 438 4405 ad
460 4367 597 4411 occasum
610 4350 671 4431 aue,
687 4359 906 4435 quinquaqinta
920 4356 1050 4418 limirines
1070 4358 1147 4419 alios
1168 4359 1205 4417 ab
1219 4357 1290 4419 aliis
1303 4376 1360 4416 secr
1362 4363 1442 4418 etius
1461 4363 1493 4416 in
1518 4375 1614 4419 arcem

398 4443 535 4523 immittit,
546 4451 602 4522 qui
615 4463 681 4508 cum
690 4453 902 4528 praesidiariis
912 4452 1055 4512 militibus
1065 4457 1155 4511 amris
1166 4456 1393 4511 instruamurm
1403 4452 1527 4512 turbam
1546 4452 1614 4529 Spi-

399 4534 475 4594 netto
482 4537 660 4614 prodendae
684 4547 764 4602 orris
779 4548 893 4603 auctori
912 4548 1059 4620 nequitum
1073 4545 1235 4620 elaturum
1244 4549 1345 4620 prima
1357 4548 1438 4604 nocte
1454 4559 1552 4604 arcem
1565 4561 1614 4605 su-

401 4622 516 4706 liniret,
532 4634 560 4689 et
575 4634 661 4710 siquo
674 4632 753 4710 soris
768 4637 840 4696 dato
855 4632 947 4714 (quod
960 4641 1060 4697 secuta
1069 4636 1303 4716 Proreqiseaede
1313 4637 1383 4697 dari
1392 4641 1532 4712 convenit)
1548 4656 1615 4698 cum

402 4734 432 4777 eo
441 4730 620 4786 amatorum
639 4727 724 4805 qloba
734 4747 792 4807 per
805 4730 932 4790 subitum
946 4731 1103 4791 tumultum
1122 4735 1201 4790 aruis
1210 4733 1375 4808 potiantur.
1397 4729 1467 4789 Tum
1479 4748 1548 4789 cero
1566 4728 1614 4792 bis

472 4823 547 4881 Vico.
570 4827 706 4896 Opuseati.
1502 4837 1535 4887 nt
