3942 5592
405 583 516 648 amor‘l
527 586 607 646 Anne
621 583 720 661 aliqua
733 580 840 644 civitas
855 581 895 642 ita
905 581 943 643 de
957 581 1102 660 religione
1114 582 1293 659 meritaest,
1310 586 1343 644 ot
1354 582 1451 645 eidem
1464 585 1566 645 nostra
1583 596 1635 645 ce·

404 683 475 744 dere
491 675 633 744 debeat?
648 684 690 741 nn
706 697 832 758 nsquam
847 683 1011 754 terrarum,
1028 684 1062 742 ut
1076 681 1214 754 biotam
1230 699 1309 758 rara,
1326 685 1452 758 tamque
1466 682 1540 741 mira
1556 699 1632 761 ergo

411 776 586 852 religionem
601 773 789 836 liberalitatis
802 790 837 834 ac
851 772 1072 834 munificentiae
1086 776 1222 852 exempla
1250 769 1407 836 niscatur?
1419 774 1472 835 Ubi
1485 775 1565 835 enim
1579 780 1625 836 tot

403 871 511 930 extant
525 868 564 927 ob
578 870 767 927 venustatem
779 869 873 942 atque
888 866 1069 958 elegantiam
1081 867 1282 929 admiratione
1293 866 1468 944 dignissim
1482 862 1622 946 tempta?

384 1043 387 1050 r
403 964 458 1027 Ubi
483 983 539 1043 par
552 965 637 1041 copia
652 963 758 1024 caelati
770 963 904 1042 agenti,
918 967 1011 1040 atque
1024 966 1092 1025 auri
1105 982 1261 1026 merorum
1288 967 1357 1027 usui
1373 959 1551 1027 destinata?
1567 966 1620 1028 tibi

402 1059 461 1121 uec
473 1058 609 1134 diuisque
623 1061 669 1118 tot
680 1072 865 1135 gemmarum
872 1059 1037 1117 acrestium
1049 1059 1147 1119 obtata
1159 1058 1378 1137 pretiosissima
1388 1056 1531 1120 munera?
1541 1059 1627 1131 Quae

400 1149 499 1212 omnia
513 1154 584 1210 sunt
606 1151 699 1210 nostri
729 1165 845 1209 summe
866 1149 997 1226 religiosi
1022 1150 1112 1210 animi
1137 1151 1373 1211 lumtentissima
1397 1150 1630 1227 firmissimaque

286 1295 295 1315 ,
399 1248 585 1323 argumenta.
599 1243 677 1303 ltibil
689 1243 813 1320 insuper
825 1245 886 1317 est,
901 1246 934 1301 ut
947 1242 976 1302 in
992 1259 1025 1301 re
1038 1243 1168 1303 maxime
1179 1245 1334 1319 perspicua
1348 1246 1381 1302 et
1406 1247 1511 1319 aperta
1524 1243 1628 1303 immo·

403 1345 612 1419 remur,atque
627 1355 837 1401 recenseamus
853 1339 1024 1401 innumeras
1036 1339 1283 1418 familiasgeutes
1294 1340 1446 1401 nobilitate
1461 1340 1524 1399 sire
1536 1356 1620 1417 paee,

398 1433 463 1493 sive
475 1433 554 1494 bellu
569 1439 655 1510 parta
669 1432 943 1508 clarissimas,quae
956 1436 1127 1493 nostrorum
1140 1433 1248 1494 ciuium
1262 1450 1334 1511 erga
1347 1430 1624 1512 nostrosPriocipes

399 1520 547 1604 integram
570 1542 605 1586 ac
620 1527 802 1603 praeclaram
826 1524 916 1586 tidem
932 1525 1099 1586 luculenter
1113 1524 1300 1587 confirmant.
1317 1531 1355 1585 nt
1370 1528 1514 1587 bonarum
1537 1527 1621 1586 titte-

397 1639 497 1684 mrum
511 1623 612 1683 studia
627 1626 738 1699 quanta
753 1623 780 1682 in
794 1624 849 1683 trac
864 1623 1024 1684 urbeomni
1038 1618 1623 1704 menortsmruemnrtemndoquuen

395 1716 626 1794 vetustissimum
639 1716 721 1776 idest
728 1718 959 1777 nostmecivitas
969 1715 1133 1792 decumano
1142 1714 1341 1777 mediocriaut
1354 1717 1536 1794 uulgari‚sed
1543 1721 1597 1793 opt
1604 1717 1626 1775 i·

394 1814 541 1887 meatque
551 1811 659 1875 eximio
669 1825 790 1888 quoque
796 1810 905 1871 artium
916 1810 1168 1886 scientiarumque
1179 1827 1289 1888 genere
1297 1812 1375 1871 omui
1390 1814 1524 1890 tempore
1532 1829 1623 1892 prae.

395 1910 474 1966 stare
497 1923 532 1966 ac
545 1909 704 1969 excellere.
720 1907 836 1968 Etenim
852 1908 925 1986 ipsis
941 1908 1063 1968 tltbenis
1072 1906 1249 1970 florentibus
1265 1908 1488 1986 prudentissimi
1514 1926 1550 1970 ac
1574 1927 1624 1969 sa·

395 1997 575 2076 pientissimi
598 2001 678 2060 cives
692 1999 816 2060 Romani
832 2002 963 2060 nostram
977 2000 1559 2067 urbemAthenasltatimsarbitrati,bac
1569 2016 1619 2059 no·

392 2093 683 2155 bilesadoleseeutes
697 2092 817 2170 optimis
831 2092 925 2168 literis
941 2092 1139 2153 instituendos
1149 2092 1270 2154 mittere
1283 2089 1620 2171 consuescebantdjas·

394 2190 472 2252 modi
486 2189 587 2251 studia
604 2207 722 2268 semper
737 2189 821 2251 nobis
833 2190 913 2257 usui,
927 2207 1049 2267 semper
1059 2190 1253 2251 delectationi
1265 2190 1367 2252 luere:
1388 2191 1427 2252 ab
1445 2190 1480 2251 iis
1492 2198 1612 2251 nostrae

390 2287 721 2350 civitatislausencelso
732 2288 901 2364 illustrique
915 2287 982 2348 luco
997 2284 1117 2365 semper'
1125 2290 1224 2366 posita
1235 2297 1352 2365 est2per
1361 2305 1397 2349 ea
1407 2288 1620 2365 amplissimum

392 2384 514 2447 honoris
539 2388 635 2448 locum
664 2386 742 2465 apud
759 2386 887 2463 reliquas
901 2402 1020 2463 semper
1044 2392 1092 2445 est
1113 2390 1290 2449 consecuta:
1308 2387 1344 2447 iis
1358 2387 1486 2464 denique
1512 2386 1616 2464 debet,

394 2501 485 2562 quam
511 2485 565 2545 sibi
579 2486 732 2562 antiquam
747 2491 839 2562 atque
864 2488 1015 2545 aeternam
1030 2484 1125 2545 lamae
1149 2485 1274 2562 gloriam
1287 2487 1483 2564 comparavit.
1500 2486 1613 2548 Verum

395 2598 472 2658 qaae
494 2600 532 2642 ex
554 2582 637 2643 bisce
650 2582 759 2642 studiis
779 2586 953 2658 comparata
968 2583 1063 2660 gloria
1080 2587 1211 2642 nostram
1226 2581 1378 2644 risibilem
1400 2583 1614 2659 inpraesentia

392 2682 511 2738 ornaret
522 2671 541 2735 ‘l
554 2680 603 2754 qui
622 2678 716 2736 honor
729 2681 849 2735 nostros
863 2677 945 2738 cives
962 2673 1131 2738 tueretur?
1145 2693 1221 2753 quae
1236 2678 1301 2737 laus
1316 2680 1419 2737 nostra
1434 2677 1554 2736 nomilia
1568 2677 1619 2736 cl·

389 2772 480 2833 terret
491 2766 511 2832 ‘i
523 2788 602 2850 quae
624 2771 784 2834 delectatio
798 2773 913 2832 animos
928 2778 1047 2834 nostros
1057 2768 1219 2834 alliceret?
1232 2774 1284 2849 qui
1295 2773 1422 2849 dedique
1437 2789 1513 2832 usus
1527 2772 1617 2834 nobis

390 2869 528 2931 omnibus
542 2873 636 2943 esset,
655 2869 710 2930 nisi
726 2870 942 2930 scientissimus
955 2875 1050 2948 atque
1071 2871 1208 2931 acerrimi
1225 2870 1275 2929 Vir
1287 2871 1426 2946 Princeps
1438 2869 1542 2947 judicii
1558 2886 1612 2929 nos

392 2965 470 3025 inter
484 2964 598 3043 qaasie
614 2967 698 3025 caelo
713 2966 856 3026 divinitus
870 2965 1086 3037 descendisset,
1100 2971 1131 3027 et
1146 2965 1420 3044 praesentissimum
1439 2961 1612 3043 hujusmodi

391 3063 559 3125 studiorum
571 3054 768 3140 patrocinium
785 3066 967 3140 suscepisset
978 3059 999 3123 ‘i
1012 3066 1088 3137 Quid
1104 3083 1157 3126 nos
1173 3064 1265 3142 igitur
1277 3081 1335 3123 non
1351 3064 1407 3123 buc
1419 3063 1608 3138 potissimum

391 3155 468 3216 inter
488 3160 539 3215 tua
563 3155 694 3219 maxima
711 3157 854 3218 beneficia
876 3162 998 3234 accepta
1014 3156 1171 3217 reterimus
1187 3173 1254 3217 cum
1269 3155 1343 3215 baec
1365 3158 1539 3229 vernatque
1555 3153 1610 3214 im·

388 3252 524 3310 mortalia
539 3259 657 3310 nostrae
672 3253 803 3312 civitatis
813 3256 983 3312 ornamenta
998 3255 1180 3330 optimorum
1193 3252 1361 3312 studiorum
1373 3266 1431 3327 ope
1445 3249 1610 3324 acquisita,

386 3350 507 3406 nostrae
521 3343 644 3418 civitati,
661 3352 691 3407 te
711 3348 913 3419 Patronqsmt
924 3345 1123 3408 conseruata?¹
1135 3349 1179 3408 Tu
1193 3347 1270 3407 enim
1283 3347 1375 3406 bonas
1391 3347 1494 3404 literas
1508 3345 1546 3404 ad
1559 3350 1602 3417 te,

387 3445 490 3518 utpote
504 3440 540 3504 ad
552 3436 637 3504 suum
653 3447 836 3522 praesidium
846 3446 1253 3524 confugientesamptexibus
1266 3444 1423 3520 excepisti3
1435 3447 1467 3502 tu
1483 3460 1601 3504 summa

385 3539 564 3600 auctoritate
582 3538 609 3600 in
627 3545 679 3600 tuo
691 3541 756 3602 sinu
775 3540 884 3617 lovisti3
896 3548 929 3602 ta
942 3543 1117 3603 doctissimo
1126 3541 1238 3620 judicio
1247 3540 1272 3600 in
1283 3539 1434 3617 republica
1449 3537 1607 3599 confirma·

382 3635 591 3716 stiAEtenimiu
607 3637 779 3719 hujusmodi
791 3641 897 3702 stadiis
911 3640 1103 3701 honestandis
1116 3640 1190 3699 adeo
1198 3639 1386 3717 exploratum
1399 3640 1445 3696 est
1454 3638 1608 3697 tenultum

381 3731 514 3793 beneficii
525 3752 619 3810 genus
629 3738 915 3818 praetermisissemt
928 3737 1292 3814 praeclarissimoseodem
1306 3735 1475 3796 studiorum
1490 3751 1603 3811 genere

381 3828 461 3889 viros
476 3833 612 3894 maximis
628 3835 792 3896 honoribus
808 3834 947 3911 gerendis
963 3833 1196 3913 proponeres.Et
1209 3833 1366 3893 dubitatur
1377 3827 1605 3905 adhuc.eos,qoi

380 3921 596 4002 rebuspublicis
611 3930 765 4007 praesunt,
775 3927 887 4004 optimu
897 3922 1609 4004 quoquescientiarumgenereapprimeimbatos

381 4034 417 4078 ac
432 4020 565 4081 eruditos
579 4040 645 4084 esse
659 4027 811 4101 oportere3
823 4040 893 4083 cnm
911 4025 1022 4083 nonnisi
1037 4023 1228 4084 doctissimus
1242 4019 1507 4082 aceruditissimus
1519 4015 1604 4077 Prin·

379 4131 450 4194 ceps
468 4117 562 4179 bonas
577 4120 693 4182 litteras
709 4137 823 4181 summa
838 4138 906 4183 cum
921 4137 1022 4181 earum
1039 4120 1125 4181 laude
1138 4121 1214 4181 intra
1226 4118 1413 4180 trancurbem
1431 4115 1507 4175 tueri
1521 4118 1607 4173 nute-

380 4215 439 4283 rat,
451 4214 483 4269 et
494 4220 664 4278 nostrorum
675 4218 783 4279 cisium
803 4218 921 4294 tamam,
941 4235 1047 4280 nomen
1061 4222 1094 4279 et
1108 4214 1318 4296 gloriamapud
1333 4219 1456 4277 exteros
1471 4212 1605 4290 populus

378 4305 572 4369 conservare?
582 4308 902 4386 ltaque‚sttunmtorcs
915 4309 1317 4395 trajuscisitaliscarissimos
1326 4305 1604 4376 haberedebemus‚

377 4400 456 4474 quod
474 4399 588 4460 moenia
609 4406 727 4460 nostrae
742 4401 825 4462 urbis
842 4404 899 4464 sub
911 4403 1144 4464 clementissimo
1158 4402 1251 4473 caelo,
1263 4400 1289 4458 in
1308 4398 1554 4471 uberrimosolo,
1571 4413 1606 4456 a·

375 4497 565 4556 moenissimo
580 4497 639 4557 situ
650 4498 991 4586 lundarunlzsimajores
1004 4507 1122 4562 nostrus
1135 4500 1371 4560 summobonore
1387 4496 1601 4572 prosequimur

376 4589 672 4663 quodpulclierrimis
687 4590 838 4663 aediliciis,
852 4593 1041 4670 amplissimis
1051 4594 1187 4666 aedibus,
1202 4586 1503 4666 magnificentissimis
1520 4591 1597 4647 tem-

376 4678 435 4758 plis
449 4689 581 4747 nustram
598 4686 841 4748 urbemornatam
858 4689 1037 4753 teceruutssi
1045 4707 1118 4768 erga
1127 4690 1264 4767 parentes
1276 4702 1382 4762 magna
1400 4685 1547 4745 allicimur
1555 4701 1602 4742 ru-

379 4784 521 4858 verentia,
535 4783 613 4862 quod
631 4786 668 4847 ab
684 4787 718 4846 iis
731 4785 813 4848 nobis
826 4789 898 4864 rita,
909 4787 1243 4866 patrimonium,cititas
1258 4785 1366 4849 traditu
1377 4788 1435 4845 est:
1446 4785 1601 4845 sioostros
