3942 5592
424 570 875 662 commendamentum
898 579 983 640 edere
996 583 1100 657 aarum
1112 578 1166 640 sed
1186 577 1232 655 id,
1245 578 1381 642 resolutis
1404 579 1484 657 socie
1507 578 1661 644 amariae

423 679 576 740 machinae
589 682 672 754 rotis,
686 681 790 738 temere
802 681 905 736 natum
918 677 1085 736 caasanim.
1098 675 1137 733 At
1148 671 1398 753 eacmnprdienso
1406 680 1532 756 cirpinis
1540 678 1643 756 patre,

423 791 483 834 non
496 773 581 833 aliud
592 779 652 836 nisi
662 774 771 834 indicis
783 775 899 833 namtas
912 774 1065 848 quaesita3
1079 772 1158 846 quood
1175 777 1207 831 in
1219 776 1351 849 sequendi
1362 774 1424 843 die,
1438 776 1466 833 el
1476 772 1579 850 putam
1592 794 1646 837 na·

424 869 533 929 biliioti
546 889 565 930 a
581 872 705 945 Ρνονοοο
717 869 843 952 sactum,
857 872 885 927 el
898 871 999 928 irritos
1008 862 1100 940 fuisse
1114 870 1204 928 nutus
1217 869 1260 928 ad
1271 883 1353 942 repes
1372 873 1522 944 seriptum.
1542 868 1646 932 umus

423 968 520 1023 iasncn
530 968 626 1022 niinus
638 959 782 1037 quaedam
795 962 907 1020 timoris
921 957 1044 1018 lasciuia
1056 959 1138 1034 apud
1141 974 1279 1034 proceres
1293 957 1466 1035 invaluit,ut
1477 960 1558 1024 urbis
1567 961 1647 1024 inta-

424 1061 471 1118 tas
479 1052 783 1136 reqionessereomnes
797 1052 972 1124 desererent3
980 1050 1181 1129 quoeuemplo
1194 1054 1282 1112 ceteri
1292 1048 1411 1111 ordines
1419 1054 1646 1127 perculsailinc

301 1211 307 1223 ,
421 1150 1194 1230 saciumptquisquesuumamensisrepeterentsnee
1208 1148 1510 1224 remedio,utquunlo
1519 1167 1649 1216 mammae

422 1266 499 1326 pars
515 1248 696 1326 solueretur,
716 1251 871 1324 quispiam
884 1248 1058 1322 removente,
1081 1242 1181 1335 Menm
1195 1245 1376 1321 mandaria,
1389 1261 1465 1321 meae
1478 1245 1564 1307 diuae
1586 1248 1651 1309 Ma·

430 1344 495 1400 riae
507 1337 708 1399 Annuneiatae
721 1335 901 1415 appellatur,
914 1351 974 1394 urea
983 1337 1010 1393 et
1017 1339 1088 1410 pius
1100 1332 1164 1414 ejus
1178 1339 1302 1394 nentina
1318 1333 1423 1412 Laus,
1437 1334 1479 1410 ad
1489 1352 1645 1398 ancoram

424 1449 574 1496 nummum
586 1434 790 1511 qninqcsapiea
803 1429 916 1506 aliquot
928 1426 990 1487 alio
1001 1425 1042 1486 ad
1053 1431 1142 1488 uicies
1154 1429 1348 1488 messena:
1358 1428 1645 1491 undecommerciam

428 1529 522 1606 Repni
534 1532 714 1604 ammplam,
726 1529 754 1585 el
763 1524 954 1603 complurium
962 1527 1144 1600 privatorum
1158 1541 1225 1600 opes
1240 1518 1377 1593 alllictae.
1396 1524 1454 1585 Sed
1465 1525 1499 1584 id
1507 1529 1648 1603 ternporis

425 1624 528 1697 copiae
548 1620 584 1681 de
598 1622 702 1680 castris
726 1617 768 1678 ad
780 1616 977 1679 Mediolanum
991 1619 1025 1675 in
1036 1620 1121 1694 requi
1133 1617 1255 1676 tutelam
1279 1615 1321 1674 ad
1334 1615 1564 1692 Neapolitanum
1575 1636 1648 1696 por·

425 1721 486 1775 ium
509 1719 659 1794 coeperunt
683 1714 839 1793 appellere.
855 1713 904 1775 Ibi
919 1712 1046 1790 Proren,
1060 1716 1113 1788 qui
1126 1712 1249 1792 jamdiu
1259 1712 1377 1789 publico
1401 1710 1554 1791 abstinuit,
1566 1720 1595 1774 et
1609 1717 1647 1775 ab

425 1809 495 1868 urbe
508 1811 586 1866 mota
595 1806 704 1867 rbedas
715 1813 848 1883 inpressu
861 1809 893 1863 in
907 1809 1017 1882 reqiam
1031 1807 1178 1880 arcuerat,
1192 1818 1257 1861 enm
1270 1805 1396 1879 stipatas
1420 1801 1564 1878 equitibus
1578 1810 1649 1866 stri·

426 1905 485 1961 etos
495 1913 577 1958 enses
587 1895 803 1957 ostentabnndis
811 1911 868 1972 per
876 1893 976 1953 arbem
988 1898 1031 1951 ire
1044 1894 1194 1967 coepisset,
1204 1897 1342 1968 inperauit
1352 1892 1488 1952 bonorum
1496 1891 1585 1973 fides,
1591 1914 1649 1975 per

426 1992 571 2073 eJ'usmodi
579 1993 738 2065 cautiones,
748 1995 901 2050 uniuersae
915 1991 1027 2047 ciuitati
1033 1984 1190 2064 perfidiam
1203 1986 1393 2063 exprobrari.
1410 1987 1483 2047 Moe
1504 1988 1647 2069 Victorius

426 2088 594 2147 Amadaeus
609 2082 748 2145 Estraeus
763 2101 856 2147 amnes
866 2100 967 2143 nocem
981 2087 1100 2142 naoirsm
1112 2080 1230 2142 classim
1243 2099 1276 2140 eo
1290 2081 1416 2162 trajecit,
1430 2088 1459 2143 el
1472 2085 1587 2162 aliquot
1601 2092 1646 2146 in-

427 2181 592 2243 cendiarius
607 2199 622 2240 e
636 2185 751 2256 cepione
774 2179 866 2255 urbis,
881 2181 1007 2257 quduor
1020 2181 1132 2254 inqenti
1154 2176 1228 2239 mole
1243 2195 1306 2236 cam
1319 2176 1486 2240 classiariis
1496 2183 1498 2187 ’
1509 2186 1601 2257 copiis
1614 2187 1648 2240 in

425 2272 543 2352 Bajano
555 2273 645 2346 portu
667 2267 819 2345 fundauit.
843 2267 935 2328 Paulo
945 2271 1014 2344 post
1029 2266 1195 2345 Aquaviva,
1211 2269 1282 2328 dum
1307 2265 1344 2326 de
1366 2272 1456 2345 repiis
1470 2271 1597 2332 aedibus
1610 2272 1660 2334 ab.

427 2363 519 2442 officio
541 2367 629 2421 noctu
643 2363 765 2421 redeunt
778 2360 986 2438 comprehensi,
1000 2361 1033 2415 ut
1052 2365 1104 2434 qui
1114 2358 1204 2418 edicti
1216 2358 1404 2435 irululaentia
1425 2361 1552 2440 maiam.
1571 2363 1650 2423 Nam

429 2465 484 2522 etsi
494 2462 559 2534 ipso
572 2459 621 2517 die
634 2455 774 2516 tumultus
784 2460 876 2533 primi
887 2458 929 2516 ad
937 2458 1033 2530 reqios
1044 2457 1230 2532 transqressi,
1241 2458 1338 2513 tamen
1351 2458 1385 2513 in
1396 2459 1462 2532 ipsa
1472 2473 1553 2535 arce,
1567 2462 1611 2518 uti
1622 2464 1650 2518 et

428 2551 478 2611 die
485 2555 606 2629 peslero
620 2555 652 2610 in
667 2555 741 2627 acie,
754 2550 879 2611 consilia
889 2549 1063 2626 prodendae
1083 2552 1182 2627 repiae
1196 2564 1318 2610 caussae
1332 2554 1482 2629 apiiars'nl.
1500 2551 1556 2612 mr
1569 2555 1650 2613 idem

427 2648 542 2722 tempus
553 2644 716 2705 coenobitae
725 2661 766 2704 ea
780 2646 903 2705 diuersis
912 2640 1036 2717 familiis
1049 2643 1090 2701 act
1102 2644 1257 2702 ducenum
1275 2639 1342 2717 scre
1364 2645 1464 2723 Reqno
1476 2647 1646 2708 interdicti.-

427 2737 573 2799 modestus
591 2753 668 2813 prae
679 2740 765 2814 copia
777 2751 924 2795 numerus.
940 2731 992 2794 aa
1009 2732 1229 2814 conjuratorum
1248 2737 1346 2795 amna
1358 2734 1497 2816 prosapie
1514 2738 1648 2820 Malitia,

431 2831 598 2909 Carasaeus
618 2837 645 2894 et
659 2833 802 2893 Xaeerius
820 2831 924 2908 limen,
941 2827 1085 2904 linitificis
1107 2834 1235 2902 nmnim,
1249 2832 1410 2891 Beneuenti
1429 2836 1647 2897 custodiuntur.

428 2923 539 2984 Aeolus
552 2928 776 3002 inteprumprae
787 2941 816 2983 se
826 2920 938 2997 serens,
950 2921 1072 2980 Romam
1080 2921 1417 2999 perpil5bispnniensem
1427 2920 1571 3002 Lepalam
1583 2948 1652 2990 eon-

427 3024 520 3100 venil,
535 3037 675 3098 suamque
686 3038 706 3078 a
719 3019 882 3100 conjuratis
896 3015 1105 3093 labefaclatam
1116 3023 1248 3095 queritur
1259 3016 1394 3092 famam3
1417 3023 1446 3079 et
1454 3021 1491 3079 ab
1505 3041 1539 3082 eo
1547 3033 1651 3102 proin-

428 3108 466 3169 de
479 3111 644 3170 admonitas
653 3114 685 3170 ut
696 3108 853 3186 Neapolim
863 3109 1030 3181 eontendal,
1041 3112 1068 3165 et
1079 3110 1225 3185 intrepida
1234 3107 1294 3183 fide
1308 3109 1428 3169 dubiam
1441 3113 1477 3171 de
1490 3130 1523 3172 re
1538 3120 1652 3193 opinia-

428 3220 494 3263 nem
506 3203 639 3283 disjiciat
643 3225 656 3275 ,-
671 3207 825 3263 munimur
837 3208 945 3279 lamen,
954 3206 982 3262 et
996 3218 1084 3278 opum
1097 3202 1238 3280 reliquias
1246 3222 1304 3281 per
1316 3203 1424 3263 lunum
1435 3209 1461 3266 el
1475 3206 1576 3268 aleam
1590 3212 1654 3271 dis·

428 3296 517 3368 sipcd.
534 3292 597 3352 Alii
616 3291 753 3355 Viennam
760 3291 902 3370 profecti,
918 3289 1047 3350 Pansuto
1061 3296 1195 3369 excepto,
1207 3297 1259 3368 qui
1272 3293 1325 3351 diu
1338 3292 1467 3370 Neapoli
1478 3294 1651 3362 cleliiescens

429 3385 520 3446 multo
530 3391 599 3462 post
612 3389 713 3449 eodem
726 3387 897 3461 advenerat,
912 3387 946 3444 in
962 3386 1095 3446 Caesaris
1103 3383 1192 3460 lidan
1205 3387 1399 3461 recipiuntur.
1417 3383 1456 3445 El
1477 3387 1652 3453 Franesscus
1689 3462 1693 3469 ¹

429 3478 581 3551 Motesius,
589 3482 657 3563 jam
666 3496 786 3556 usquea
800 3478 906 3539 Caroto
913 3475 948 3537 11
957 3479 999 3538 ad
1010 3476 1189 3555 Lerpoiaun
1198 3474 1324 3555 heatus
1332 3495 1388 3554 pro
1398 3481 1546 3541 turbatore
1557 3484 1650 3545 Clas-

432 3574 545 3645 sipnelo
558 3577 590 3631 in
607 3571 762 3632 Gumam‘a
775 3574 922 3630 retinetur.
940 3567 998 3628 Hie
1017 3575 1091 3629 eruin
1106 3569 1257 3647 Hispanus
1271 3568 1309 3629 ab
1323 3575 1414 3650 stirpe
1429 3573 1650 3649 Neapolitanus

433 3658 576 3736 nascmdi
589 3661 763 3737 conditione,
778 3677 819 3720 ea
839 3658 960 3720 honesta
972 3658 1093 3736 familia
1114 3663 1204 3736 ortus,
1218 3664 1333 3738 insipne
1345 3668 1494 3741 utriusque
1506 3662 1650 3739 smtunae

430 3750 608 3827 exemplum,
619 3755 742 3827 speciem
753 3753 878 3812 ridentis
888 3767 964 3827 prae
978 3767 1010 3810 sc
1021 3748 1093 3826 sert,
1109 3753 1250 3812 aduersae
1260 3757 1451 3830 simpatitur.
1466 3754 1545 3814 Nam
1551 3756 1650 3837 juris·

424 3839 619 3917 prudentiam
627 3840 783 3918 professus
806 3843 933 3900 monium
945 3841 1136 3918 urbanorum,
1151 3845 1385 3920 mapistraiaum,
1399 3861 1463 3904 cum
1472 3850 1653 3923 prudentiae

426 3933 624 4008 justitiaeque
638 3931 724 3992 laude
748 3931 819 3991 urbe
833 3931 922 4002 abiil‚·
938 3946 1029 4007 eoque
1053 3930 1385 4012 amadnisproqressas,
1398 3952 1435 3993 ae
1457 3935 1600 4000 nobilitas
1613 3957 1654 3998 ea

432 4019 538 4081 Parim
555 4023 647 4082 Curia
658 4027 723 4100 ejus
736 4023 872 4100 famuliae
887 4025 1018 4100 adserta,
1031 4026 1128 4099 r'psius
1141 4039 1245 4084 stomun
1267 4030 1301 4084 in
1315 4025 1379 4085 diei
1390 4024 1495 4086 lacobi
1506 4029 1653 4104 equitibus

433 4112 544 4189 datum,
561 4114 655 4191 repuli
664 4114 766 4177 titulus
780 4096 896 4176 domum
909 4117 1056 4177 invectus:
1072 4112 1334 4190 splendidissimae
1347 4112 1487 4195 feminae,
1502 4120 1599 4180 attera
1613 4138 1655 4180 ea

441 4202 546 4262 Ursino
558 4209 639 4280 perne
652 4210 684 4264 in
696 4221 819 4266 uxorem
831 4207 932 4284 ducta,
946 4203 1043 4265 allera
1056 4223 1096 4265 esc
1113 4203 1256 4266 Triaultia
1270 4224 1335 4266 cum
1358 4205 1458 4283 arripta
1472 4207 1538 4268 dote
1551 4213 1587 4269 in
1598 4226 1655 4269 nu·

434 4309 501 4352 mm
513 4301 648 4374 sarepta,
664 4314 718 4357 suo
732 4302 789 4359 sint
800 4304 916 4359 numera
927 4296 1061 4377 sastipio,
1075 4303 1106 4358 ut
1118 4304 1171 4377 qui
1185 4318 1204 4359 a
1219 4296 1366 4375 Principis
1382 4299 1515 4361 comiliis
1530 4317 1656 4381 maanus

436 4390 598 4451 Mediolani
616 4393 817 4458 Canceltarius
824 4396 943 4477 jussus,
958 4413 1031 4456 moa
1053 4397 1095 4456 ad
1115 4395 1283 4457 Venetorum
1295 4396 1524 4478 Rempublicam,
1538 4401 1658 4459 tandem

437 4490 479 4548 ad
494 4489 699 4565 Imperatorem
713 4499 896 4570 pravissimis
914 4494 1089 4571 temporibus
1103 4493 1278 4572 Lepatast
1288 4511 1365 4555 unus
1379 4512 1418 4552 en
1431 4495 1563 4558 aramius
1576 4499 1658 4557 m'de·

438 4577 535 4657 batur,
548 4584 598 4638 cui
611 4585 706 4658 mapis
721 4587 833 4642 anxiae
848 4584 1054 4661 Hispaniensis
1069 4586 1187 4661 imperii
1198 4600 1288 4643 curae
1302 4602 1322 4641 a
1341 4584 1446 4642 Carolo
1459 4602 1527 4660 repe
1540 4605 1656 4647 conere-

439 4673 589 4735 derentur·.
609 4675 669 4735 Sed
682 4691 762 4734 uuor
775 4674 904 4754 furiosa,
920 4679 1046 4754 depener
1059 4676 1185 4753 soboles,
1199 4693 1292 4736 nurus
1306 4677 1476 4755 rruaprsifica,
1490 4680 1570 4740 lares
1585 4679 1657 4756 inse·
