3942 5592
513 592 969 722 lNSTlTUTlllNES
1010 589 1328 718 ORATORIAE

783 874 1077 891 ψ

712 1233 755 1281 DE
771 1232 902 1284 NATURA
917 1232 1132 1283 anamulata.

360 1455 530 1534 maiorica,
540 1459 608 1519 sice
621 1455 788 1535 eloquentia
800 1460 842 1518 est
855 1453 992 1532 facultas
1006 1454 1130 1516 dicandi
1146 1458 1280 1533 apposite
1294 1456 1337 1517 acl
1346 1451 1531 1533 persuum

321 1540 407 1610 slusa5
423 1536 551 1599 facultas
564 1542 699 1614 iuquam,
713 1542 784 1613 ascia
797 1535 839 1598 acl
851 1553 887 1595 ea
900 1539 1039 1597 instructi
1049 1533 1181 1611 faciliter
1194 1536 1531 1597 unanimantem

320 1624 365 1678 est
377 1622 495 1696 optimis
504 1620 663 1691 sententiis,
677 1616 831 1696 cutisque
845 1616 1123 1690 laetissimusque
1131 1620 1211 1676 isutsu
1225 1620 1316 1678 certos
1329 1613 1532 1691 ambitusapte

321 1697 486 1773 collocatis,
501 1704 528 1759 et
541 1702 575 1758 in
586 1701 706 1756 aurium
713 1697 936 1777 jucunditatem
950 1700 1126 1773 compositis,
1141 1695 1249 1774 eloqui.
1643 1741 1645 1744 -

360 1779 431 1839 Noa
445 1783 553 1838 temne,
563 1780 676 1838 dietum
688 1777 768 1837 iltucl
775 1822 785 1855 ,
799 1775 838 1838 ad
853 1772 1103 1853 persuadendum
1116 1777 1264 1855 apposite.
1279 1778 1360 1838 Nam
1377 1777 1420 1836 sto
1433 1779 1530 1835 arato-

320 1861 366 1916 ris
376 1855 499 1934 officium
510 1863 563 1935 est,
579 1861 611 1917 ut
625 1864 723 1917 amaia
737 1857 861 1918 cassilia
875 1874 908 1916 eo
922 1857 1044 1934 ἀὶνῖραί,
1059 1860 1086 1917 et
1096 1855 1283 1933 intention-ut
1291 1858 1474 1934 persuadeat
1484 1858 1529 1917 cli·

322 1941 429 1998 asone:
443 1936 687 2016 amovendum
700 1941 808 1999 medici
822 1934 946 2013 officinas
959 1942 1014 2013 esc,
1025 1939 1058 1994 ut
1069 1940 1164 2007 saaca
1173 1942 1366 2015 inperatoris,
1376 1941 1409 1997 ut
1419 1940 1530 1998 aneu.

323 2016 364 2075 At
376 2021 405 2077 si
417 2034 483 2078 mm
495 2035 555 2079 uon
568 2023 742 2095 assequatur
752 2018 854 2096 finan,
869 2033 1011 2094 suumque
1025 2013 1151 2092 officium
1163 2015 1269 2092 secati
1282 2022 1392 2088 tamea·
1402 2033 1462 2077 non
1474 2021 1529 2092 est,

323 2099 407 2173 quoa
421 2098 591 2160 industriae
605 2102 681 2174 erat,
695 2096 835 2174 satanae
848 2099 1064 2174 imputandum.
1082 2095 1239 2158 Maesio
1251 2103 1341 2174 enisa
1350 2103 1384 2159 ut
1396 2101 1530 2174 sanitas,
1549 2116 1552 2125 ·

323 2181 357 2237 ut
368 2181 508 2255 uicinia,
516 2197 575 2239 nou
588 2182 631 2240 est
642 2181 810 2239 indictione
821 2175 975 2250 fortunae·
981 2179 1070 2252 idque
1080 2179 1155 2238 acteo
1164 2182 1259 2254 mauis
1266 2181 1533 2254 pamasiaquosn

324 2261 452 2334 sanitas,
468 2275 556 2333 quam
571 2262 708 2328 sictona,-
724 2263 796 2335 qala
810 2263 954 2318 sanamur
965 2299 974 2334 ,
987 2261 1144 2318 sanator
1157 2275 1303 2335 corpora,
1320 2274 1398 2335 quae
1411 2258 1532 2319 domare

324 2340 358 2394 oi
367 2343 477 2414 possis3
492 2343 605 2399 oraton
617 2342 715 2397 autem
729 2354 793 2398 casa
806 2339 975 2397 amtorem
988 2336 1137 2398 uoluntate
1150 2356 1197 2400 res
1210 2343 1252 2399 est
1264 2380 1273 2415 ,
1287 2356 1363 2415 quae
1376 2385 1385 2417 ,
1405 2341 1466 2399 nisi
1477 2341 1532 2397 uni

330 2417 390 2476 Deo
404 2416 586 2478 volumtate
600 2418 789 2494 inclinationi,
804 2421 883 2478 uicta
896 2418 985 2478 cedit.
1002 2416 1184 2480 Persuadere
1198 2422 1276 2477 euim
1289 2424 1332 2478 est
1346 2419 1486 2479 iuducere
1498 2421 1532 2477 tu

325 2498 462 2559 ancum
477 2505 607 2559 nmmum
621 2503 751 2558 orationi
761 2496 947 2576 causamn,
962 2497 1084 2574 locust,
1098 2501 1129 2556 at
1142 2498 1359 2573 andelacensi,
1372 2515 1449 2575 quae
1463 2515 1530 2558 ora·

324 2581 532 2730 ῗιέιρνορωιίιε
546 2580 627 2656 quael
640 2585 667 2638 si
679 2583 778 2639 orator
802 2584 978 2655 assequatur
989 2623 998 2657 ,
1009 2583 1078 2658 jam
1097 2582 1236 2640 uirtutem
1248 2580 1413 2640 industriae
1436 2583 1532 2654 anesis

344 2675 360 2714 c
378 2663 460 2720 'citas
473 2663 636 2718 concitatas·-

812 2850 1050 2865 m

480 3003 669 3099 DELLE
691 3002 1077 3100 lNS'll'lUZlONl
1112 3001 1407 3097 ORATORlE

692 3416 775 3456 DELU
796 3417 897 3455 ustum
916 3416 999 3455 DUM
1013 3413 1167 3455 insontes.

368 3569 409 3626 La
420 3566 550 3624 cellatica
564 3581 580 3621 o
594 3564 611 3622 l’
622 3565 783 3640 eloquenza,
798 3568 813 3624 ὲ
827 3565 981 3639 lnfncoltic
990 3564 1022 3623 dl
1034 3565 1099 3623 dire
1110 3581 1191 3623 come
1201 3569 1227 3622 si
1237 3571 1371 3624 concleae
1381 3582 1402 3623 a
1408 3580 1533 3640 pasua-

331 3641 410 3702 (lerc.
426 3640 555 3700 Facolta
569 3641 646 3698 dica:
663 3643 758 3714 poiche
774 3645 848 3714 quali
861 3644 887 3700 di
900 3659 963 3699 esse
977 3658 1044 3698 sono
1059 3642 1332 3715 toenitisacllmente
1346 3642 1456 3699 dicono:
1471 3640 1536 3699 dire

332 3721 378 3792 noi
390 3717 407 3776 i
419 3719 530 3791 perlate
542 3721 696 3775 conanime
708 3726 835 3776 sentence
847 3736 861 3776 e
874 3735 928 3775 con
938 3719 1109 3775 isceltissimc
1119 3719 1210 3789 parole
1220 3727 1297 3774 entra
1306 3718 1332 3774 d’
1342 3735 1380 3774 nn
1391 3726 1468 3774 certo
1478 3720 1538 3790 giro

334 3796 562 3852 nccancinmcnte
575 3795 696 3850 inchiusc
710 3812 725 3851 e
739 3795 937 3867 agredimento
947 3795 1010 3856 'dell'
1023 3795 1148 3850 orecchio
1163 3795 1293 3851 ordinate.
1306 3793 1344 3850 Ne
1358 3811 1437 3850 senza
1449 3794 1539 3867 rugia-

329 3886 367 3928 ne
379 3870 395 3928 e
408 3879 523 3942 posto:
535 3886 613 3926 come
627 3874 654 3926 si
667 3873 802 3926 concione
815 3888 836 3928 u
845 3863 1063 3945 pessumdare:
1073 3869 1169 3943 poiche
1180 3872 1238 3926 coel
1252 3870 1340 3925 utlaio
1353 3870 1538 3927 aettomtors

329 3945 347 4002 ὁ
362 3948 428 4003 tutti
440 3949 449 4003 i
463 3946 575 4018 consigli
589 3946 648 4002 suoi
663 3947 781 4002 drieznre
797 3963 812 4002 e
826 3948 965 4004 intendere
981 3946 1158 4018 apersuader
1178 3946 1249 4001 colle
1269 3945 1380 4015 parole,
1401 3961 1478 4001 come
1492 3943 1540 4002 del-

331 4023 442 4079 medico
456 4020 471 4078 ὸ
483 4023 502 4078 il
519 4036 627 4093 sanare,
643 4021 685 4078 del
703 4024 811 4094 capitae
827 4024 954 4095 generale
967 4024 984 4078 il
999 4030 1118 4080 vincere.
1135 4023 1190 4077 Che
1204 4038 1232 4077 se
1247 4020 1282 4075 tel
1296 4022 1347 4076 line
1360 4023 1385 4076 ei
1399 4037 1452 4076 non
1465 4036 1541 4077 asse-

330 4113 396 4171 με,
412 4114 427 4154 e
441 4114 490 4169 per
502 4100 571 4154 altro
587 4097 699 4153 hefalto
715 4098 732 4153 l’
745 4099 833 4153 affinio
849 4116 920 4171 sun,
942 4115 994 4155 non
1013 4103 1035 4155 si
1049 4098 1116 4155 vuol
1130 4113 1224 4153 ressre
1239 4097 1291 4151 alla
1306 4104 1421 4153 ventura
1434 4099 1475 4153 cil)
1488 4097 1539 4153 cha

328 4172 429 4230 edeta
442 4174 586 4230 industria.
603 4174 806 4244 tmperciocche
821 4175 845 4230 la
860 4177 1050 4245 persuasione,
1070 4178 1190 4231 siccome
1205 4174 1229 4228 la
1244 4174 1329 4227 sanita
1343 4189 1357 4228 e
1372 4172 1536 4245 laniantia,

329 4265 385 4304 nan
399 4249 415 4304 e
428 4252 456 4304 in
470 4257 565 4320 potere
578 4249 648 4305 della
659 4258 773 4306 ventcsrn
785 4270 792 4321 3
815 4266 830 4306 e
843 4252 869 4306 in
885 4260 964 4307 tanto
978 4269 1011 4309 ne
1030 4250 1247 4321 eindipendente
1262 4248 1287 4302 la
1301 4251 1476 4319 persuasione
1490 4248 1538 4318 pin

330 4323 403 4381 (tella
416 4327 505 4381 sonitu
519 4325 618 4383 estella
634 4325 748 4392 vittorin,
758 4328 784 4380 in
798 4335 905 4398 qcsnnto
920 4327 970 4384 che
985 4331 1006 4382 si
1023 4342 1148 4384 cananae
1161 4327 1182 4380 si
1197 4326 1312 4380 vincano
1322 4326 1331 4380 i
1341 4328 1428 4397 carpi,
1445 4323 1538 4395 iqnali

331 4400 445 4458 domare
458 4417 511 4472 pur
526 4402 546 4455 si
561 4417 651 4472 panno
665 4402 738 4456 colla
755 4402 849 4472 lorzn3
872 4420 916 4459 mn
930 4404 948 4459 l’
961 4404 1075 4460 Oratore
1089 4402 1123 4455 ha
1143 4416 1158 4454 a
1180 4401 1234 4456 lare
1253 4401 1324 4457 colla
1341 4401 1450 4457 volantis
1468 4399 1539 4472 degli

331 4477 444 4546 adituri,
456 4478 481 4532 ln
493 4477 557 4548 qual
572 4493 624 4532 non
640 4477 660 4530 si
673 4477 786 4533 arrenle
796 4488 880 4547 vinti,
890 4483 940 4534 else
953 4478 977 4533 nl
995 4481 1051 4534 solo
1065 4476 1140 4533 lddio
1152 4484 1283 4532 motoree
1297 4471 1457 4532 instinctore
1470 4475 1539 4531 delle

332 4552 457 4609 volante.
475 4554 496 4607 E
512 4554 546 4621 sl,
561 4554 579 4607 il
595 4553 761 4622 persuadere
776 4552 790 4608 ὲ
806 4571 843 4609 nn
858 4555 1028 4611 conformare
1043 4555 1059 4609 Ρ
1070 4555 1159 4608 naimo
1173 4552 1234 4608 dell
1246 4553 1353 4609 uditate
1369 4552 1422 4608 nlla
1435 4552 1539 4606 ornzic·

331 4642 380 4699 ne,
395 4629 567 4685 neverninse
588 4631 639 4684 che
659 4629 774 4685 l’udnor
789 4631 876 4701 voglia
896 4632 938 4685 cili
958 4631 1006 4686 che
1024 4630 1042 4686 l‘
1050 4633 1151 4687 Orator
1172 4644 1301 4700 propone.
1325 4629 1344 4684 ll
1364 4628 1414 4684 che
1430 4626 1537 4700 quando

261 4743 264 4753 .
334 4703 351 4758 l’
364 4706 480 4764 Oratore
491 4719 641 4776 consegue,
654 4704 705 4760 clla
717 4705 790 4760 virtu
801 4705 864 4761 dell’
873 4705 1007 4763 industrie
1017 4706 1042 4763 ls
1056 4705 1156 4763 [eliciti
1165 4703 1298 4776 deltoprs
1307 4705 1329 4762 si
1340 4717 1535 4777 accompagnn.

475 4810 552 4866 Vico.
563 4813 747 4869 institutioni
759 4813 893 4870 Oratorie.
1381 4816 1395 4864 1
