3942 5592
422 518 461 577 bl

323 667 328 678 ·
382 634 487 705 utitur,
501 632 666 708 reputatur.
682 627 760 689 Nam
773 633 806 691 ut
819 645 916 707 aquae
929 633 972 691 cst
984 629 1107 708 cupiere
1120 632 1211 708 sitim
1222 635 1306 706 porai
1316 626 1461 691 delectare
1479 627 1570 708 polo·

382 716 455 786 tum,
468 714 531 772 cini
543 727 605 772 csse
616 726 809 788 pannosam,-
833 713 876 771 ito
891 709 1019 772 ionius
1042 714 1087 772 cst
1098 714 1175 773 recte
1185 713 1364 771 miratione.

423 789 600 867 Exemplum
613 795 654 852 cst
667 789 842 867 irapcrseclo
852 791 995 869 inductio,
1006 797 1039 851 in
1121 790 1158 851 ab
1168 807 1229 850 unc
1238 788 1330 850 simas·
1340 789 1473 851 indubio
1485 790 1528 851 od
1537 806 1572 849 a·

385 871 451 932 liud
463 869 559 931 simile
573 871 694 931 dubium
707 874 967 947 orpunnntomurs
983 875 1017 931 ut
1058 875 1183 948 matius,
1198 872 1280 947 quod
1302 885 1431 930 sororem
1443 867 1571 948 interfe-

385 955 455 1012 cerit
468 953 638 1028 ocmsotus,
649 967 708 1010 non
720 953 834 1012 ideirco
845 952 1002 1012 monades
1021 956 1064 1013 cst
1077 972 1087 1009 .·
1102 968 1173 1029 erpo
1195 968 1249 1010 nec
1269 948 1343 1009 rato
1365 951 1480 1010 idcirco
1508 966 1574 1010 con·

385 1031 569 1092 demnandus
583 1073 592 1107 ,
616 1030 698 1107 quod
707 1028 909 1093 insidiatorem
922 1033 1062 1095 occidisse
1073 1035 1241 1091 armantur.

427 1109 462 1169 lli
472 1110 617 1187 platonici
629 1112 812 1187 inductione,
826 1111 1002 1172 aristotelici
1014 1111 1204 1191 syllopismo,
1228 1115 1273 1171 ito
1285 1115 1371 1173 stoici
1377 1115 1506 1187 proprio
1522 1126 1577 1170 cr·

382 1191 572 1268 pumentandi
579 1189 636 1250 telo
649 1195 699 1252 usi
711 1196 789 1252 sunt.
807 1190 847 1251 Id
859 1196 899 1251 iis
913 1197 1016 1253 sorites
1029 1195 1163 1268 dicitur,
1180 1193 1218 1252 de
1229 1208 1289 1269 quo
1304 1196 1405 1256 Cicero
1419 1191 1475 1253 noc
1488 1191 1570 1251 mci·

384 1271 472 1348 cmm,
486 1274 514 1329 et
532 1269 700 1346 ecccmplum
713 1271 798 1350 offert
811 1275 844 1330 iu
859 1273 1046 1335 academicis.
1062 1271 1099 1335 Et
1104 1275 1238 1349 primum
1248 1273 1375 1348 pidem,
1391 1274 1504 1350 inquit,
1516 1268 1571 1330 boe

381 1348 673 1428 reprehendendum,
697 1352 778 1429 quod
802 1356 1016 1427 captiosissimo
1039 1369 1143 1429 peaerc
1170 1354 1409 1427 interropotionis
1433 1354 1568 1410 matur.

386 1432 473 1505 boot
484 1447 575 1508 penus
588 1434 705 1489 mininie
719 1435 751 1489 in
760 1429 951 1508 philosophia
959 1432 1085 1508 probari
1094 1431 1178 1507 solet,
1188 1447 1253 1490 mim
1263 1430 1382 1510 aliquid
1391 1433 1569 1501 mimdotitrt,

384 1516 412 1570 et
423 1512 573 1587 probatica
588 1510 724 1589 additur,
738 1515 790 1571 out
803 1509 947 1572 derailnr:
965 1515 1077 1573 Soritas
1090 1513 1143 1574 lios
1154 1515 1261 1571 uocaret
1275 1555 1284 1591 ,
1299 1516 1352 1588 qui
1364 1525 1504 1570 ocmamm
1515 1508 1573 1588 cffi-

385 1595 480 1663 ciaal,
493 1607 551 1650 sino
566 1589 669 1650 addito
681 1607 774 1665 prono
786 1614 796 1650 .-
810 1596 946 1653 oiliosam
960 1611 1042 1669 sane,
1057 1597 1085 1653 ct
1099 1595 1263 1668 captiosum
1284 1608 1375 1670 penus
1393 1595 1437 1653 sic
1450 1594 1529 1649 mam
1541 1609 1573 1650 a

384 1673 568 1732 scandentis:
582 1675 611 1729 si
623 1670 683 1731 talc
696 1678 792 1732 vistim
804 1671 945 1732 obiectum
964 1679 1007 1731 esi
1020 1691 1040 1732 a
1054 1676 1115 1734 Deo
1127 1675 1297 1749 dormienti,
1310 1676 1343 1732 ut
1350 1668 1506 1747 probabile
1517 1674 1570 1742 sit,·

384 1769 438 1810 cur
452 1768 511 1810 aon
523 1754 621 1827 etiam,
631 1755 664 1809 ut
674 1751 761 1812 valde
774 1752 933 1812 verisimile
946 1752 963 1810 i
982 1754 1042 1812 Cur
1054 1753 1161 1813 cleirsdc
1174 1767 1244 1825 rma,
1259 1756 1293 1811 ut
1303 1749 1460 1829 difficdter
1473 1766 1494 1809 a
1503 1767 1573 1809 vero

382 1833 627 1891 internoscatur?
650 1830 773 1912 Deinde,
788 1837 822 1891 ul
834 1849 871 1891 na
884 1837 1100 1893 internoscatur
1112 1833 1259 1909 qudem?
1276 1832 1430 1904 Postremo,
1445 1833 1479 1889 ut
1492 1829 1573 1889 nibil

383 1915 461 1969 irstcr
474 1910 539 1975 boc,
555 1916 583 1971 el
595 1910 673 1970 illud
685 1916 796 1973 intersit
809 1913 825 1970 ,Ρ
841 1914 907 1973 Hae
921 1917 949 1973 si
957 1919 1150 1990 perveneris,
1170 1929 1215 1973 mc
1230 1914 1284 1974 tibi
1292 1918 1422 1990 mimum
1435 1909 1570 1988 quidque

386 1993 554 2050 concedente
567 2007 662 2050 arreum
675 1997 779 2051 citium
797 1993 913 2070 suerit,
936 2000 983 2053 sin
1003 2000 1064 2073 ipsc
1077 1997 1130 2053 tua
1142 1997 1247 2069 sponte
1255 1993 1448 2071 processeris,
1470 1993 1568 2049 tuum.

386 2071 459 2143 Quis
473 2076 551 2130 enim
565 2071 619 2132 libi
630 2070 756 2149 dederit,
771 2080 822 2135 out
835 2077 935 2133 omnia
947 2074 1042 2134 Deum
1049 2090 1149 2150 posse,
1163 2077 1217 2133 out
1230 2079 1275 2133 ito
1285 2071 1439 2148 facturum
1452 2085 1530 2147 essc,
1543 2072 1570 2131 si

378 2156 474 2227 possit
487 2152 503 2209 ,Ρ
519 2152 669 2224 macodo
682 2157 777 2214 omem
789 2159 891 2228 mnis,
904 2157 939 2214 ut
952 2159 980 2214 si
993 2158 1078 2231 quid,
1093 2158 1144 2213 cui
1157 2153 1252 2215 simile
1265 2169 1327 2216 esse
1337 2155 1434 2229 possit
1446 2192 1456 2225 ,
1470 2152 1589 2229 πρωϊ

379 2235 443 2305 tur,
457 2235 489 2290 ut
502 2237 590 2292 etiam
608 2230 764 2310 difficulter
787 2237 944 2296 internosci
963 2239 1060 2311 possit
1071 2236 1088 2294 i
1104 2233 1214 2295 Deinde
1227 2240 1260 2294 ut
1272 2251 1310 2293 ae
1323 2232 1484 2294 tmenmsci
1506 2236 1572 2307 qui·

381 2311 464 2450 darn?
475 2309 628 2450 'Postremo
640 2318 673 2374 ut
686 2315 787 2375 eadem
799 2309 890 2376 sini?
915 2314 951 2376 tlt
960 2321 985 2376 si
996 2315 1063 2392 lupi
1073 2313 1194 2376 cortibus
1205 2315 1330 2390 similes,
1356 2312 1476 2374 cosdem
1488 2312 1571 2372 dicas

379 2408 399 2450 a
434 2408 474 2450 ec
486 2407 606 2451 sernum

399 2538 402 2547 ³
421 2471 556 2533 Oratores
570 2472 677 2536 Soritis
689 2473 753 2536 loco
765 2480 887 2539 damur
900 2478 1086 2556 predatione,
1095 2493 1152 2554 per
1164 2491 1256 2552 quam
1267 2491 1327 2534 non
1337 2471 1425 2534 modo
1439 2487 1488 2533 res
1495 2487 1571 2549 pro·

378 2550 474 2619 baim.
485 2554 539 2612 sed
548 2552 871 2634 amplificaturquoque
882 2574 901 2616 a
913 2573 1071 2617 causarum
1083 2562 1167 2617 serie.
1187 2556 1223 2617 Ut
1233 2553 1324 2617 illud.
1339 2552 1460 2615 lnurbc
1474 2552 1565 2612 lacu

378 2637 436 2690 ries
450 2635 585 2691 antu:
599 2651 640 2692 ecc
652 2634 779 2695 lanaria
792 2642 922 2699 comitia
933 2641 1045 2698 existat
1056 2653 1173 2697 necesse
1186 2639 1249 2696 cst:
1264 2652 1305 2696 cu
1318 2635 1457 2697 comitia
1470 2645 1570 2692 cmm-

372 2713 422 2785 pit
435 2711 585 2772 audacio.-
599 2712 668 2774 iude
680 2720 777 2776 omma
789 2717 912 2796 scelera,
926 2722 953 2776 ct
963 2715 1111 2792 maleficio
1123 2720 1297 2796 piqnuntur.

379 2900 465 3032 :linare
479 2900 496 2955 il
510 2900 612 2971 palata,
628 2900 671 2958 del
684 2901 744 2958 sino
758 2897 776 2956 l‘
790 2915 866 2958 esser
878 2914 1020 2973 generoso,
1030 2899 1088 2956 cosl
1097 2897 1378 2970 dell‘uomo,serrirsi
1390 2906 1573 2959 direttamente

398 2977 448 3033 ella
461 2979 569 3048 ragione
582 2999 607 3032 s.
1590 3020 1595 3029 .

418 3052 447 3109 L’
455 3053 580 3124 Esesnpio
593 3051 608 3108 is
621 3069 675 3109 asna
688 3052 841 3125 impertetta
853 3050 1010 3122 Induzione,
1024 3049 1095 3108 nella
1106 3048 1186 3123 qisale
1201 3049 1234 3106 da
1246 3065 1284 3106 un
1298 3050 1384 3108 simile
1396 3048 1571 3107 indubitabile
1583 3073 1587 3079 ·

379 3131 591 3202 argomentiamo
604 3129 638 3185 ad
652 3145 688 3184 un
702 3128 786 3185 simile
800 3127 928 3184 dubbioe
948 3135 1137 3184 controverso.
1157 3127 1257 3182 Corne:
1278 3126 1372 3182 Orazio
1391 3133 1525 3183 accirento
1543 3125 1569 3183 di

378 3221 458 3261 avere
469 3205 563 3260 uccisa
577 3204 601 3259 ta
614 3204 722 3274 sorella,
736 3219 790 3260 non
803 3204 832 3260 tu
846 3218 895 3274 per
908 3211 1008 3274 questo
1032 3203 1218 3273 coadunantes
1246 3200 1355 3272 dunque
1375 3216 1484 3274 neppur
1500 3201 1568 3259 deve

380 3272 561 3336 continuaret
575 3279 680 3353 lbilone,
696 3282 746 3336 che
758 3280 834 3336 siene
846 3285 977 3335 accinato
992 3279 1017 3336 d'
1027 3293 1106 3335 arere
1119 3279 1214 3335 ucciso
1227 3293 1265 3332 un
1278 3276 1442 3334 insidiatore.

421 3358 525 3412 uentre
540 3357 546 3411 i
559 3356 687 3414 Platonici
700 3357 769 3413 delia
783 3355 928 3412 lnduzione
941 3394 948 3424 ,
963 3355 1027 3427 egli
1041 3351 1202 3411 'aristotelici
1215 3352 1259 3409 del
1272 3351 1435 3427 sillogismo,
1449 3350 1568 3407 laocansi

377 3430 439 3488 lorti
451 3431 488 3506 gli
501 3433 587 3489 Stoici
599 3432 670 3488 d‘an'
680 3432 749 3488 altra
760 3448 844 3501 arma,
859 3432 910 3487 che
922 3428 967 3497 tat
976 3433 1082 3501 Scotto,
1094 3429 1136 3486 del
1146 3430 1226 3502 quate
1236 3429 1364 3486 Cicerone
1373 3428 1440 3485 nolte
1451 3427 1569 3484 accade-

377 3509 467 3564 miche
483 3507 610 3578 quistioni
628 3521 696 3576 pone
709 3523 746 3562 un
759 3508 878 3578 esempio
891 3506 951 3562 aab
963 3521 1019 3562 una
1032 3506 1050 3562 il
1064 3521 1113 3561 suo
1126 3505 1252 3577 piratio.
1267 3506 1297 3560 ln
1307 3506 1403 3575 prima,
1415 3503 1439 3560 ei
1452 3502 1529 3574 dice,
1544 3504 1568 3558 si
1590 3488 1601 3529 7

377 3584 440 3640 vuol
455 3581 621 3653 riprendere,
636 3582 688 3638 che
702 3599 786 3638 asana
798 3599 834 3638 un
848 3583 969 3638 saliatica
982 3579 1164 3653 cingannevot
1184 3595 1281 3653 maere
1301 3580 1327 3636 (Ρ
1337 3577 1569 3652 interrogacione,

379 3658 395 3715 il
409 3659 470 3731 qual
485 3673 539 3712 non
553 3659 576 3712 si
589 3673 708 3730 approra
720 3660 743 3713 in
754 3657 993 3730 filosofin3qaando
1003 3674 1019 3713 a
1030 3672 1123 3729 paeon
1135 3672 1206 3727 poco
1217 3656 1238 3710 si
1248 3656 1382 3731 aggiu'nge
1392 3654 1493 3711 alcuna
1503 3668 1570 3711 casa

378 3751 395 3789 o
409 3736 430 3788 si
446 3732 540 3804 cogite:
555 3733 682 3790 chiamasi
692 3734 788 3804 sorite,
802 3749 817 3789 e
831 3734 962 3805 compleat
976 3733 994 3789 l'
1004 3747 1121 3802 acerra,
1135 3731 1291 3805 aggiuntast
1304 3748 1342 3787 un
1359 3746 1454 3805 grano.
1469 3729 1571 3787 viriae

380 3810 521 3864 sotistoria.
537 3812 588 3866 Per
598 3813 727 3880 esempio:
744 3812 778 3867 Se
791 3809 866 3867 iddio
881 3812 901 3867 ti
914 3809 981 3870 affre
995 3826 1048 3866 una
1060 3808 1164 3864 visione
1177 3806 1323 3879 probabile,
1336 3804 1436 3878 peram
1450 3821 1504 3862 nan
1516 3807 1572 3878 pub

378 3883 512 3941 otlrirtene
526 3901 580 3941 una
593 3885 751 3943 verisimile?
764 3888 798 3942 Se
811 3893 929 3958 questa,
944 3884 1043 3958 perche
1056 3899 1110 3940 non
1132 3899 1185 3939 tina
1198 3882 1305 3940 difficile
1319 3897 1334 3939 a
1348 3882 1512 3939 discernersi
1525 3881 1570 3939 dai

376 3959 458 4017 reso?
470 3962 705 4036 Eproseguendo:
721 3959 820 4034 perche
832 3980 886 4018 non
904 3977 958 4020 aina
971 3962 997 4017 la
1006 3961 1085 4033 qinate
1096 3959 1187 4015 allatio
1200 3958 1241 4016 dai
1255 3974 1320 4015 vera
1336 3975 1391 4015 non
1403 3956 1568 4014 assemani

377 4036 400 4090 E
413 4036 578 4109 finalmente,
592 4037 693 4109 perche
706 4053 761 4094 non
774 4055 829 4094 una
843 4039 932 4096 affatto
946 4038 1032 4094 vera?
1045 4038 1079 4093 Se
1098 4036 1123 4091 io
1146 4035 1165 4090 ti
1179 4035 1214 4091 ho
1233 4034 1387 4092 conceduto
1410 4033 1437 4090 bi
1456 4032 1573 4106 gingner

378 4111 414 4167 tin
427 4127 492 4195 qua,
508 4112 525 4167 a
545 4115 609 4168 vicio
622 4111 637 4169 ὁ
649 4116 713 4184 snio,
731 4130 761 4170 se
773 4113 801 4170 bi
816 4122 862 4170 tua
876 4121 953 4185 posta
966 4116 1004 4168 sei
1016 4111 1178 4183 procedata,
1193 4112 1212 4167 il
1224 4113 1293 4166 rizio
1306 4111 1321 4166 ὲ
1335 4119 1393 4167 ῑιιο.
1408 4108 1510 4166 Polcbb
1523 4109 1569 4165 chi

377 4186 396 4240 ti
409 4186 629 4258 coacederb,cbe
642 4188 716 4259 ldbio
729 4205 810 4261 possa
823 4190 884 4262 ogni
895 4203 969 4258 cosa3
983 4203 999 4242 o
1011 4187 1129 4258 patendo
1139 4202 1207 4258 pare
1217 4188 1257 4241 sia
1265 4201 1312 4257 per
1325 4186 1401 4241 tarne
1414 4183 1514 4242 alcuna
1523 4200 1572 4242 co·

376 4261 400 4315 si
413 4262 548 4332 pitittosto
562 4264 612 4318 ebe
626 4263 761 4321 castillon
774 4264 834 4337 qual
847 4266 958 4338 ragione
969 4264 1084 4335 supponi
1095 4262 1147 4318 che
1157 4277 1186 4316 se
1197 4260 1232 4318 at
1243 4275 1308 4317 cosa
1321 4261 1376 4332 pub
1390 4275 1467 4319 esser
1481 4260 1568 4317 simile

376 4336 410 4393 ad
424 4336 469 4392 un’
481 4336 559 4408 altra,
569 4352 601 4392 ne
615 4352 753 4413 conscgna
766 4341 817 4397 che
831 4340 1015 4397 difficilnnente
1029 4339 1051 4394 si
1064 4338 1236 4409 distinguas
1249 4337 1293 4407 poi
1307 4339 1358 4394 che
1370 4351 1425 4392 non
1435 4349 1465 4390 ss
1477 4350 1514 4393 na
1526 4334 1566 4393 di·

379 4413 498 4484 stingua,
512 4428 529 4469 e
542 4413 567 4468 in
579 4413 631 4469 sine
645 4416 695 4472 che
707 4420 782 4473 siena
797 4432 850 4473 una
862 4431 928 4472 cosa
941 4414 1020 4471 sota?
1042 4417 1167 4485 annuato
1181 4428 1260 4470 come
1270 4426 1299 4467 sc
1311 4420 1341 4468 tu
1355 4412 1444 4485 rogita
1458 4408 1515 4469 dire
1528 4427 1572 4468 es·

380 4502 439 4544 sere
453 4490 479 4546 lo
493 4488 578 4545 stesso
592 4489 598 4544 i
612 4492 672 4545 cani
682 4493 724 4547 co'
735 4492 801 4564 lupi,
815 4488 916 4562 iserchb
931 4506 998 4546 sona
1012 4490 1175 4562 simiglianti.

416 4564 458 4621 Gli
471 4565 577 4623 Oratori
591 4564 617 4620 in
631 4564 712 4637 luogo
725 4566 767 4622 dcl
781 4569 868 4624 Sorite
878 4573 1040 4622 castumano
1051 4565 1077 4621 la
1087 4563 1255 4637 gradatione:
1264 4578 1313 4634 per
1323 4561 1348 4616 la
1358 4563 1439 4634 quate
1449 4578 1502 4618 non
1513 4559 1572 4618 solo

378 4655 498 4708 prosena
509 4641 526 4697 l'
538 4647 660 4711 assunto,
675 4657 719 4697 ma
734 4642 758 4697 to
772 4643 944 4714 ampliticans
959 4641 1030 4699 colla
1043 4657 1111 4697 sarie
1125 4640 1192 4698 delle
1206 4653 1297 4695 cause.
1314 4637 1407 4693 Come:
1420 4638 1496 4694 Nella
1505 4639 1571 4694 citii

379 4716 402 4769 si
412 4731 511 4785 genera
518 4717 541 4774 la
551 4718 682 4774 tassaria:
692 4717 762 4774 dalla
771 4717 892 4775 lussuria
901 4718 1061 4791 conseguita
1070 4714 1088 4773 l'
1096 4718 1221 4787 ararnio,
1232 4713 1415 4771 dall’ararizia
1423 4726 1571 4786 prorompc

378 4788 396 4843 l‘
408 4791 529 4863 audacia,
544 4801 670 4866 equasti
683 4800 750 4852 inite
764 4793 789 4853 le
802 4795 991 4853 scellerannes
1004 4794 1134 4854 iniciati
1147 4792 1308 4863 concupisce
1321 4806 1336 4848 e
1349 4789 1429 4863 ligiis.
