3942 5592
1510 538 1568 600 lib

376 670 410 714 re
420 651 555 730 gravitas
567 653 745 730 temperata,
761 651 821 708 tam
837 643 1002 706 veneranda
1019 643 1150 722 undiquc
1164 664 1206 710 en
1222 653 1407 732 temolestus
1422 646 1555 725 emicuit,
1574 651 1609 709 ul

376 747 401 807 si
415 751 631 807 uetustusmos
646 743 810 822 vigeret,ut
826 735 1056 799 formosissimus
1070 740 1198 818 quisque
1211 743 1410 804 deduceretur
1421 743 1458 803 ad
1473 760 1610 821 regnum,

374 838 478 915 tejam
495 839 657 902 maximum
671 837 781 914 Regem
796 833 892 894 oculis
906 832 1093 910 legissemus.
1109 834 1147 894 Et
1162 853 1232 897 nero
1242 839 1266 897 si
1281 838 1366 898 nobis
1381 854 1438 913 qua
1451 838 1609 914 majestate

374 937 583 1015 polles,minor
599 936 800 1014 apparuisses,
819 949 876 992 non
893 935 922 990 te
938 929 964 991 in
981 931 1172 1010 imperio,sed
1185 934 1211 994 in
1229 939 1258 995 te
1274 935 1428 1013 imperium
1447 935 1612 1013 suspicere-

376 1053 456 1097 mus:
475 1039 511 1092 et
524 1033 678 1114 cogitandi
691 1032 778 1107 ordo,
796 1035 827 1092 et
844 1035 948 1091 natura
965 1031 1017 1090 bas
1032 1032 1161 1107 primum
1174 1033 1212 1093 de
1227 1038 1257 1094 te
1272 1035 1408 1094 notiones
1420 1034 1446 1092 in
1457 1035 1607 1110 cuiusque

376 1129 476 1190 animo
489 1128 697 1205 explicuisset:
713 1129 737 1188 0
751 1127 834 1186 sorte
849 1124 986 1184 nascendi
1003 1124 1184 1201 relinquen
1196 1127 1246 1207 jus
1258 1144 1420 1205 regnorum
1433 1131 1466 1188 et
1481 1129 1523 1188 las
1535 1145 1610 1205 gen·

378 1227 453 1288 tium
475 1226 514 1286 ad
536 1230 652 1287 tantam
671 1224 825 1289 evexerint
848 1221 1069 1286 Monarchiani!
1092 1225 1150 1287 Sed
1174 1225 1246 1286 nihil
1268 1244 1338 1287 sane
1360 1229 1479 1288 borum:
1495 1229 1566 1303 quin
1581 1231 1611 1287 te

377 1328 554 1403 conspecto,
572 1323 650 1385 iuter
664 1325 787 1402 plausus
803 1321 869 1382 illae
884 1336 971 1381 voces
985 1321 1101 1400 impetu
1116 1329 1330 1402 proruperunt:
1348 1323 1374 1385 Ο
1387 1324 1488 1402 digne,
1506 1323 1554 1384 cui
1567 1326 1612 1382 tot

382 1431 476 1493 regna
490 1416 678 1492 subjaceant!
695 1415 720 1473 0
735 1414 852 1488 merite,
869 1413 917 1472 cui
932 1413 977 1471 sol
992 1431 1143 1490 nunquam
1156 1416 1289 1476 occidatl
1305 1415 1330 1475 0
1345 1432 1410 1493 par,
1427 1417 1478 1492 qui
1494 1419 1612 1476 tantum

385 1506 554 1569 modereris
566 1506 736 1584 imperium!
750 1504 827 1577 Quid
841 1520 898 1589 ego
907 1504 1048 1581 reseram,
1063 1509 1096 1565 ut
1106 1506 1160 1567 tibi
1170 1509 1207 1567 de
1219 1509 1284 1568 nani
1297 1508 1460 1586 egredienti
1474 1510 1552 1569 laeta
1563 1524 1613 1568 oc·

380 1601 512 1661 currerit
526 1599 672 1661 Nobilitas
686 1603 718 1661 et
732 1594 879 1662 Senatus?
893 1602 929 1658 ut
942 1600 1055 1661 alacres
1069 1601 1106 1661 ad
1119 1601 1249 1664 officium
1261 1603 1455 1682 Magistratus
1468 1619 1611 1664 conuene-

380 1691 460 1759 rint?
470 1703 501 1760 et
512 1716 529 1759 a
540 1702 572 1759 te
583 1699 620 1759 ad
633 1715 736 1759 manus
749 1695 785 1756 ad
798 1696 963 1756 orationem
975 1696 1135 1759 incredibili
1148 1699 1269 1782 admissi
1278 1699 1444 1773 clementia,
1457 1715 1516 1776 qua
1528 1697 1612 1776 capti

380 1791 577 1854 admiratione
590 1789 796 1853 discesserint?
811 1791 878 1852 inde
892 1790 966 1852 salis
980 1792 1029 1852 alii
1044 1792 1168 1867 vixisse,
1185 1796 1216 1854 le
1231 1793 1314 1868 nis03
1329 1794 1379 1854 atii
1396 1794 1507 1855 tamdiu
1522 1809 1611 1873 porro

383 1886 540 1948 vivendum
554 1902 622 1946 esse
637 1885 863 1963 praedicabant,
879 1885 978 1962 quoad
994 1885 1054 1945 tuis
1068 1886 1173 1946 divinis
1192 1886 1325 1947 uultibus
1339 1889 1547 1964 explerentur.
1569 1888 1614 1947 lta

382 1987 413 2044 el
425 1999 463 2043 eo
476 1982 539 2058 die,
554 1986 586 2043 ct
600 1983 664 2043 aliis
678 1998 864 2059 quacumque
875 1998 1056 2060 progressus
1070 1999 1119 2058 es,
1137 1982 1309 2059 trequentes
1328 1985 1513 2061 consertique
1531 1984 1614 2045 und?-

382 2095 439 2155 qnc
452 2077 491 2139 ad
508 2081 539 2137 te
551 2093 743 2154 concurrere,
760 2077 813 2138 tibi
827 2077 993 2155 obuersari,
1011 2083 1042 2138 te
1058 2080 1215 2157 subsequi,
1233 2079 1368 2142 comitari
1384 2084 1609 2157 ,praeuertere

384 2191 436 2236 nec
455 2176 615 2253 quicquam
631 2174 711 2237 aliud
721 2193 775 2255 per
786 2176 839 2235 bos
854 2176 928 2252 dics,
941 2191 1030 2251 quam
1044 2179 1074 2236 te
1087 2194 1179 2239 unum
1191 2182 1328 2256 spectare
1345 2182 1478 2257 possunt.
1496 2184 1538 2237 dn
1554 2192 1613 2238 non

384 2289 533 2353 quernaque
547 2280 683 2336 nostrum
699 2275 755 2335 boc
769 2273 884 2335 mortali
899 2289 1026 2351 corpore
1040 2290 1160 2353 gravem
1174 2276 1198 2334 is
1211 2293 1287 2337 nunc
1298 2291 1371 2352 erga
1383 2280 1412 2335 te
1423 2276 1503 2352 regit
1514 2291 1612 2349 amor,

384 2386 443 2447 quo
461 2371 580 2433 melum
602 2363 736 2451 regitur?
756 2371 806 2447 qui
828 2369 901 2430 nihil
916 2367 997 2429 aliud
1010 2372 1201 2447 exoptamus,
1220 2371 1375 2431 necalium
1390 2374 1561 2432 nostrorum
1576 2369 1612 2428 li·

386 2482 451 2529 nem
462 2466 613 2528 bonorum
627 2466 786 2545 credimus,
801 2483 891 2544 quam
905 2470 935 2526 te
952 2466 1072 2543 intueri,
1090 2467 1148 2529 tuis
1160 2467 1302 2529 delectari
1315 2468 1460 2542 vultibus,
1478 2468 1505 2527 in
1519 2471 1548 2528 te
1560 2484 1615 2527 no·

387 2566 462 2623 stras
473 2563 610 2625 omnium
625 2563 791 2637 felicitates,
806 2567 838 2624 te
855 2564 882 2624 in
898 2564 1010 2624 nostris
1024 2564 1141 2642 publice
1174 2563 1372 2644 priuatimque
1384 2566 1469 2626 bonis
1480 2567 1612 2626 contem·

386 2657 468 2734 plari.
483 2656 532 2719 lta
546 2658 687 2736 quicquid
709 2658 794 2719 nobis
815 2659 1005 2733 obversatur,
1029 2658 1146 2735 regium
1168 2657 1298 2734 videtum
1323 2662 1448 2738 regium,
1471 2659 1614 2737 quiequid

387 2752 542 2814 sentimus.
558 2752 638 2813 adeo
651 2769 705 2813 uos
715 2768 806 2830 supra
817 2752 1018 2829 nosmetipsos
1029 2756 1082 2813 tuo
1093 2751 1129 2810 ad
1144 2766 1197 2810 nos
1207 2750 1336 2813 adventu
1353 2754 1492 2827 evexisti,
1506 2756 1542 2813 ut
1551 2755 1614 2833 jam

383 2845 444 2907 atio
455 2848 569 2909 obtutu
580 2847 662 2907 urbis
679 2847 847 2908 intueamur
863 2845 1125 2930 magnificentiam,
1141 2846 1200 2906 alio
1214 2847 1268 2906 soli
1283 2848 1466 2922 ubertatem,
1478 2846 1614 2922 caelique

388 2945 492 3021 risum,
508 2944 568 3003 alio
582 2944 684 3023 populi
704 2945 915 3022 frequentiam,
934 2943 1157 3021 nobilitatisque
1168 2945 1406 3021 amplitudinem.
1419 2945 1456 3002 Et
1471 2962 1540 3005 curn
1554 2945 1610 3021 pri·

389 3041 442 3101 mis
455 3057 548 3119 quam
564 3039 762 3118 splendidiora
776 3041 999 3119 illustriumque
1013 3045 1132 3101 tuorum
1149 3044 1336 3121 monumenta
1350 3042 1511 3117 majorum,
1527 3045 1556 3100 te
1570 3039 1612 3100 vi·

390 3134 551 3208 oententsa
563 3128 652 3193 sunt?
662 3133 851 3195 CerteCarnli
864 3136 874 3193 l
886 3135 1070 3212 aliorumque
1082 3136 1337 3213 andegavensium
1351 3151 1454 3212 regum
1468 3139 1518 3196 tua
1529 3149 1614 3211 prae·
1658 3138 1660 3142 ’

390 3231 485 3290 sentia
499 3229 646 3289 alteratae
660 3233 731 3289 sunt
745 3229 855 3290 tumuli
870 3229 1001 3306 pondere
1015 3231 1171 3307 religiosae
1186 3229 1341 3306 reliquiae.
1357 3227 1382 3287 0
1396 3228 1447 3305 qui
1464 3228 1553 3288 luerit
1568 3227 1616 3287 ille

390 3330 541 3406 regiorum
556 3329 688 3389 cinerum
703 3325 824 3388 sensus?
835 3343 911 3403 quae
928 3327 1017 3386 tacita
1034 3341 1157 3403 magnos
1172 3325 1270 3385 llanes
1282 3325 1390 3403 gaudia
1404 3323 1616 3403 pertentarint,

392 3439 459 3485 cum
473 3425 571 3502 longis
587 3425 758 3485 seculorum
774 3427 843 3502 post
857 3422 1086 3483 decurrentibus
1097 3421 1233 3497 orbibus,
1244 3439 1284 3482 cx
1295 3439 1348 3482 sua
1360 3423 1452 3498 stirpe
1463 3420 1614 3499 augustis·

392 3518 498 3580 simum
512 3536 634 3598 germen
648 3525 786 3584 exortum
804 3521 856 3595 sit,
872 3519 953 3600 quod
971 3523 1080 3580 tautam
1095 3536 1193 3579 rerum
1210 3533 1353 3580 summam
1365 3520 1492 3596 adeptus
1504 3525 1562 3586 est,
1581 3522 1618 3579 ut

393 3610 456 3688 ejus
469 3611 595 3672 ditionis
610 3613 638 3673 id
652 3630 777 3691 regnum
788 3614 931 3690 particula
946 3614 1153 3683 videretur‚in
1165 3629 1225 3688 quo
1239 3614 1256 3672 ii
1268 3613 1391 3674 summis
1403 3616 1543 3689 potentes
1556 3614 1620 3690 opi-

393 3706 670 3784 buspolleutesqne
685 3707 938 3785 regnarunt.Quid
955 3706 1048 3783 igitur
1062 3711 1121 3782 est,
1133 3707 1218 3784 quod
1237 3708 1288 3767 tibi
1300 3722 1317 3765 a
1330 3706 1453 3780 nostris,
1466 3721 1556 3783 supra
1571 3720 1621 3763 so·

394 3800 451 3862 lida
464 3801 537 3862 boni
550 3800 624 3862 civis
637 3802 744 3878 officia,
760 3802 836 3863 hanc
847 3802 952 3864 miram
962 3802 1210 3873 benevolentiam,
1224 3801 1393 3862 incredibile
1406 3802 1462 3859 boc
1473 3798 1618 3862 studium.

402 3895 475 3957 banc
501 3893 732 3956 intensissimum
756 3899 899 3973 pietatem
916 3889 1109 3956 conciliarit?
1129 3912 1198 3954 num
1214 3899 1265 3953 tua
1286 3888 1446 3970 llajestas?
1460 3896 1493 3953 al
1509 3907 1620 3951 meram

397 3990 566 4056 tremimus:
582 4005 619 4048 an
631 3993 731 4048 nostra
745 3989 854 4050 amoris
869 3986 1068 4050 abundantia?
1083 3995 1114 4048 at
1129 3994 1215 4049 tuum
1235 3991 1283 4048 est
1306 3988 1379 4049 inira
1403 3986 1561 4049 meritum:
1585 4002 1622 4046 an

398 4090 535 4155 tortura?
546 4094 580 4151 at
590 4086 625 4149 ea
637 4089 666 4149 in
679 4087 791 4148 animos
806 4092 867 4146 taur
884 4088 941 4147 late
955 4087 1094 4148 dillusum
1108 4090 1139 4146 et
1157 4086 1316 4161 aequabile
1329 4086 1485 4162 imperium
1498 4101 1555 4144 non
1570 4082 1626 4143 ob·

399 4192 484 4251 tinet.
500 4185 592 4248 Oriri
607 4185 768 4262 sapientes,
785 4183 875 4259 quiid
889 4183 1089 4262 maximopere
1100 4179 1290 4257 exoptabatis
1304 4180 1330 4239 in
1343 4181 1416 4254 vita,
1430 4182 1465 4238 ul
1476 4176 1626 4238 amabilis·

401 4284 502 4342 simam
519 4279 642 4339 uirtutis
658 4279 811 4357 imaginem
828 4278 963 4338 homines
977 4276 1071 4337 oculis
1087 4275 1149 4336 suis
1165 4275 1262 4334 nidere
1277 4279 1410 4351 possent,
1426 4290 1444 4332 o
1459 4290 1549 4349 quarn
1563 4270 1623 4332 nel-

403 4379 468 4449 lem,
481 4377 531 4437 bic
541 4380 714 4455 praesentes
730 4378 806 4435 inter
822 4392 875 4436 nos
889 4375 1031 4452 ageretis:
1048 4391 1116 4433 nam
1131 4374 1167 4433 de
1183 4374 1382 4450 pulcherrimo
1405 4372 1497 4431 nostri
1515 4368 1624 4428 Princi-

404 4476 446 4549 pis
459 4488 588 4549 corpore
603 4470 792 4546 pulclrirorcs
807 4511 815 4545 ,
831 4486 920 4547 quant
935 4469 1004 4542 dici,
1022 4471 1074 4526 aut
1088 4466 1158 4543 frugi
1173 4471 1308 4542 possunt,
1327 4461 1504 4525 miraremini
1521 4478 1627 4538 prere-

405 4571 464 4630 uire
479 4569 621 4643 virtutes,
638 4568 709 4644 quin
723 4567 748 4626 si
764 4572 871 4627 natura
887 4567 976 4627 modo
991 4563 1249 4638 dissimularetur,
1263 4582 1296 4622 cc
1300 4567 1346 4621 rte
1367 4561 1507 4621 uirtutem
1533 4560 1627 4633 ipsam
1650 4560 1652 4563 ’

406 4665 453 4723 lali
465 4662 601 4741 corporis
617 4662 720 4721 babitu
736 4659 882 4737 putaretis
898 4660 1043 4731 indutam,
1059 4656 1196 4732 qualem,
1217 4659 1250 4715 ut
1263 4659 1367 4719 anostra
1383 4654 1439 4712 lert
1458 4651 1573 4728 religio,
1590 4665 1628 4709 cx

407 4762 526 4820 aetbere
540 4759 699 4836 purissimo
713 4758 787 4819 caeli
802 4763 935 4832 trientes,
952 4756 1004 4816 nbi
1017 4754 1112 4828 lubet,
1127 4751 1184 4812 sibi
1198 4752 1382 4811 conformant
1396 4754 1428 4808 ct
1443 4747 1559 4824 aptant.
1564 4744 1636 4804 b'nrn

410 4846 524 4914 elabde
534 4868 608 4913 coro
624 4854 765 4915 honestae
781 4853 863 4916 laciei
878 4850 1185 4933 ruttu,couetnn0que
1199 4848 1329 4912 civilium
1343 4843 1547 4907 membrorum
1557 4856 1634 4902 con·

475 4958 552 5031 Vico,
575 4963 714 5033 θγιιισοὶἑ.
1477 4953 1515 5008 ab
1553 4985 1556 4992 -
