3942 5592
1536 468 1594 530 tue

419 580 591 650 laetissimis
602 582 759 648 ominibus
772 598 922 665 augemus
935 584 1069 661 animos,
1083 599 1140 646 nee
1153 579 1344 662 promiscua,
1359 585 1402 659 et,
1417 585 1453 642 ut
1466 579 1509 642 ita
1515 574 1629 653 dicam,

420 671 562 736 tralatitia
585 689 753 752 regnorum
768 674 850 736 bona
864 693 902 738 ex
916 674 965 738 his
979 673 1071 755 regiis
1078 672 1192 754 nuptiis
1212 678 1296 735 certo
1315 687 1500 754 speramus,
1519 665 1572 732 sed
1596 672 1631 729 ut

416 782 523 830 aarum
537 783 677 843 caussae,
691 785 769 848 quas
782 769 932 851 principio
946 769 1161 851 exposuimus,
1176 772 1258 844 sunt,
1274 785 1367 848 quam
1380 784 1458 848 quae
1475 763 1622 836 maxime,

414 860 523 940 mirae,
537 860 710 942 conjugum
725 862 830 927 laudes
843 863 912 927 aliis
926 882 1014 946 pares
1028 880 1179 945 perquam
1194 877 1265 926 raro
1279 861 1479 941 contingunt,
1498 857 1542 920 ita
1557 855 1623 937 glo·

416 953 492 1017 riam
505 954 582 1018 inde
593 955 741 1020 orituram
756 954 944 1035 singularem
957 958 1020 1020 lore
1033 954 1232 1028 confidimus,
1243 953 1325 1036 quod
1339 952 1470 1015 alterum
1482 944 1623 1011 dicende

414 1063 484 1108 mm
497 1053 594 1128 caput
607 1044 696 1110 initio
710 1045 938 1127 proposuimus.
955 1048 1025 1111 lam
1048 1046 1133 1111 enim
1154 1061 1194 1110 ex
1214 1061 1320 1107 rerum
1345 1048 1500 1122 gestarum
1513 1053 1621 1101 monu-

407 1136 527 1202 mentis
541 1146 737 1221 eompertum
760 1136 1014 1221 exploratumque
1034 1138 1185 1201 habemus
1206 1134 1393 1200 Polunorum
1410 1148 1494 1212 reges
1505 1144 1617 1210 magno

411 1231 586 1298 'ltrrmrum
601 1234 738 1311 domino,
753 1234 912 1298 communi
926 1235 1065 1298 Cristiani
1087 1230 1223 1295 nominis
1237 1230 1341 1309 hosti,
1358 1223 1554 1292 terrestribus
1567 1240 1615 1285 co·

410 1321 465 1406 piis
475 1341 543 1387 non
559 1323 652 1388 modo
666 1325 831 1389 fortissime
844 1325 975 1407 obstare,
989 1327 1042 1392 sed
1056 1342 1145 1406 saepe
1158 1325 1252 1389 etiam
1273 1319 1466 1388 infestissime
1487 1316 1615 1379 ottteem.

408 1417 482 1490 Quid
496 1423 604 1479 autem
627 1417 849 1502 Neapolitanus
869 1435 926 1484 rer
945 1421 1092 1487 classibus
1106 1421 1137 1482 in
1153 1437 1226 1484 eum
1246 1417 1345 1500 possit
1358 1461 1367 1495 ,
1381 1411 1549 1494 Rogerius,
1565 1426 1619 1472 no

411 1516 547 1573 atrorum
561 1527 670 1592 regum
686 1509 802 1592 primus
814 1555 823 1585 ,
840 1513 1053 1590 gravissimum
1067 1509 1407 1591 luculentissimumque
1420 1503 1504 1570 dedit
1516 1516 1618 1567 exem-

408 1601 491 1685 ptum
504 1632 516 1686 3
529 1605 584 1687 qui
603 1606 761 1668 maritimo
773 1603 854 1670 bello
868 1605 902 1670 in
913 1609 1019 1673 Asiam
1033 1607 1179 1690 traJ'eeto,
1196 1601 1457 1688 praeclarissimas
1470 1596 1616 1665 Graeciae

407 1698 499 1764 urbas
511 1701 729 1783 expugnarit,
744 1708 824 1766 etex
839 1702 904 1786 ipsa
921 1701 1181 1786 Constantinopoli
1195 1745 1205 1780 ,
1219 1699 1349 1780 eiusque
1363 1693 1514 1777 imperiali
1531 1708 1615 1775 prae·

408 1793 483 1858 torio
495 1794 617 1876 opimas
630 1796 760 1877 praedas
774 1799 896 1875 avexit,
912 1798 1115 1880 universeque
1136 1796 1250 1859 Orienti
1266 1798 1387 1858 tantum
1408 1797 1553 1855 tenorem
1567 1788 1617 1851 iu·

405 1888 513 1967 mssit,
528 1897 567 1952 ut
580 1890 736 1972 Babylone
750 1909 849 1974 usque
875 1892 946 1975 ejus
961 1893 1126 1956 lneubator
1141 1890 1237 1974 ipsius
1249 1887 1419 1953 amicitiam
1433 1903 1487 1968 per
1501 1884 1615 1965 legatos

404 1989 524 2046 orabam
539 1982 667 2048 miserit:
681 2002 759 2065 quae
770 1987 870 2069 gloria
883 1987 922 2053 ab
936 1986 1023 2050 ludis
1037 1986 1161 2051 Octauio
1175 1986 1315 2065 Augusto
1327 1981 1456 2057 Caesari,
1468 1997 1540 2041 cum
1553 1975 1611 2041 Ro·

403 2093 531 2142 manum
551 2078 719 2161 imperium
742 2079 914 2167 longinquo
927 2101 1020 2147 amne
1041 2082 1192 2165 Euphrate
1212 2080 1370 2147 clausisset
1384 2124 1393 2157 ,
1407 2076 1508 2156 iisque
1528 2079 1609 2139 esset

402 2169 497 2236 terme
507 2177 733 2259 conterminus,
740 2178 867 2246 fortasse
879 2182 979 2247 minor
989 2180 1194 2261 contingerat3
1204 2175 1378 2258 complures
1390 2173 1611 2239 Saracenorum

402 2265 432 2329 iu
442 2264 564 2330 Atridae
574 2284 629 2331 ora
643 2268 717 2334 sitas
728 2271 822 2335 urbes
832 2274 923 2355 cepit,
936 2290 1109 2353 earumque
1119 2271 1185 2353 regi
1199 2269 1349 2333 tributum
1364 2267 1521 2348 imposuit.
1534 2267 1610 2331 Con·

400 2359 494 2425 secuti
509 2379 602 2443 porro
615 2383 702 2447 reges
719 2412 727 2446 ,
744 2367 951 2432 Northmanni
965 2386 984 2431 a
1000 2366 1103 2432 Sueris
1116 2415 1125 2448 ,
1140 2365 1250 2432 deinde
1264 2364 1353 2429 Sueri
1367 2363 1409 2426 ab
1422 2360 1608 2441 Andecaris,

399 2459 465 2517 tum
478 2454 633 2521 Andecaui
654 2457 694 2522 ab
708 2460 884 2542 tragoniis,
907 2478 1094 2542 rursumque
1118 2460 1265 2542 aragonii
1284 2457 1324 2521 ab
1345 2455 1509 2520 andecavis
1525 2456 1610 2523 ¹inle-

399 2544 487 2626 stati,
502 2546 672 2632 imperium
688 2553 720 2615 in
736 2553 838 2616 ltsiam
854 2554 1048 2635 africamque
1061 2553 1199 2635 prolerre
1210 2557 1240 2617 et
1253 2547 1448 2615 constabilire
1460 2548 1608 2629 nequire·

397 2644 477 2700 mut.
492 2636 532 2699 At
551 2642 634 2706 euim
649 2640 790 2720 Carolus,
815 2644 958 2728 Hispania
971 2644 1130 2728 Galliaque
1144 2642 1295 2726 adgnatiS,
1306 2647 1336 2705 et
1347 2658 1410 2704 non
1423 2638 1523 2704 solum
1534 2643 1607 2707 Ger-

395 2726 511 2807 mania,
525 2729 651 2797 Polouia
664 2752 787 2818 quoque
801 2737 918 2817 adtlne,
933 2735 1085 2802 inferendi
1100 2738 1133 2801 in
1148 2737 1251 2800 ltsiam
1265 2733 1336 2798 belli
1352 2749 1493 2798 securam
1507 2735 1605 2799 lacul-

395 2828 483 2888 tatem
496 2825 564 2891 boe
576 2839 705 2914 augusto
720 2833 916 2899 matrimonio
931 2833 1132 2899 nanciscitur.
1148 2833 1253 2897 insula
1268 2830 1369 2895 Sicilia
1381 2835 1410 2895 ei
1423 2838 1519 2912 paret,
1530 2833 1604 2896 Nea-
1649 2909 1651 2913 Ι

395 2916 566 2999 politanum
581 2939 712 3004 regnum
726 2925 766 2988 ab
779 2927 877 2991 tribus
890 2925 1037 2990 lateribus
1051 2927 1151 3006 mari,
1164 2930 1199 2989 ut
1212 2921 1391 3006 peninsula,
1401 2920 1541 3003 alluitur,
1551 2924 1607 3005 qui

394 3010 522 3078 urbium
535 3016 765 3101 regionumque
776 3020 853 3085 situs
862 3039 914 3084 eos
922 3019 1027 3085 ciuiles
1041 3037 1142 3083 mores
1152 3017 1310 3100 indigenas
1326 3013 1472 3089 induunt,
1484 3023 1520 3078 ut
1530 3033 1604 3080 nau·

393 3100 489 3168 tieaet
500 3104 603 3168 navali
616 3107 736 3174 artibus
746 3118 906 3194 praestent:
920 3114 1037 3176 etenim
1047 3112 1087 3176 ab
1097 3109 1213 3175 ultimis
1236 3124 1332 3189 usque
1343 3107 1464 3186 generis
1473 3106 1603 3173 humani

393 3198 579 3281 temporibus
593 3200 623 3264 id
637 3200 747 3285 ipsum
757 3207 896 3289 gentium
908 3226 1010 3273 mores
1022 3207 1217 3272 confirmant:
1231 3203 1326 3285 Tyrii,
1336 3199 1541 3281 antiquissimi
1553 3219 1602 3283 po

390 3292 531 3373 pelorum
540 3293 623 3375 tyro
643 3296 745 3361 insula
759 3298 889 3364 colonias
900 3316 955 3382 per
966 3302 1145 3365 universum
1158 3297 1253 3362 terme
1265 3292 1523 3357 Mediterraneum
1536 3310 1602 3356 ma·

390 3402 434 3465 re,
447 3394 479 3451 et
491 3385 578 3451 ultra
591 3386 730 3455 Herculis
749 3393 908 3458 columnas
922 3396 953 3458 in
966 3397 1119 3476 &eanum
1140 3392 1238 3456 Gades
1259 3389 1432 3455 deduxere:
1450 3403 1486 3448 ea
1499 3384 1598 3467 gloria

390 3477 520 3545 leenae
531 3481 570 3546 ad
580 3483 715 3553 Rhodios
729 3488 858 3567 transiit,
870 3508 1007 3571 quorum
1017 3491 1055 3554 de
1066 3488 1232 3554 maritimis
1241 3483 1435 3552 commerciis
1445 3481 1529 3566 leges
1541 3483 1601 3550 lto·

387 3590 516 3639 manum
533 3576 712 3660 imperium,
728 3581 802 3646 dum
817 3584 960 3648 universo
973 3592 1126 3649 terrarum
1140 3581 1208 3648 orbi
1219 3578 1449 3657 dominabatur,
1461 3581 1596 3661 agnorit3

387 3666 512 3734 batavia
526 3668 746 3760 Britanniaque
771 3679 861 3744 totius
886 3679 999 3744 interni
1021 3680 1199 3761 externique
1214 3677 1308 3741 maris
1322 3680 1460 3757 potentes
1484 3678 1597 3740 nostris

386 3768 576 3848 temporibus
591 3769 797 3838 celebrantur.
814 3774 1032 3858 Neapolitanus
1045 3785 1150 3842 autem
1160 3795 1234 3858 ager
1245 3773 1405 3837 materiam
1422 3773 1596 3849 ingentium

382 3857 649 3926 aedificandarum
663 3864 977 3953 instruendammque
992 3873 1135 3938 classium
1150 3872 1260 3954 gignit3
1275 3886 1351 3953 gens
1366 3884 1435 3930 vero
1450 3866 1591 3932 audacis·

383 3950 478 4016 simos
491 3960 605 4021 nautas
619 3959 736 4039 educit3
750 3967 859 4045 portus
872 3961 904 4025 in
920 3972 1049 4050 utroque
1058 3966 1126 4049 ejus
1136 3963 1225 4027 litore
1238 3958 1449 4042 benignissimi
1460 3965 1490 4022 et
1501 3976 1589 4040 capa-

383 4043 512 4130 cissimi,
527 4048 708 4121 Misenensis
720 4057 752 4119 in
767 4058 879 4137 insero,
895 4060 1105 4126 Brundusinus
1119 4061 1150 4123 in
1165 4075 1274 4141 supero
1288 4055 1367 4118 mari
1382 4060 1504 4137 patent,
1519 4055 1586 4137 qui-

381 4135 441 4203 bus
461 4139 549 4206 ltalia
563 4142 602 4205 ad
626 4145 762 4214 futuram
783 4151 905 4233 imperii
929 4150 1061 4217 Romani
1084 4149 1333 4234 magnitudinem
1355 4144 1498 4211 Straboni
1516 4157 1591 4213 nata

379 4247 445 4294 esse
458 4233 525 4297 risa
538 4241 594 4316 θεὶς
615 4247 650 4302 ut
665 4259 775 4305 eorum
788 4241 867 4306 altro
880 4241 912 4305 in
926 4245 1059 4309 ttricam
1073 4285 1083 4321 ,
1098 4243 1191 4307 altero
1204 4240 1237 4302 in
1252 4237 1409 4302 Orientem
1432 4237 1589 4319 ingentem

379 4319 532 4384 exercitus
555 4323 740 4395 brevissimo
760 4348 853 4394 eursu
876 4332 1037 4413 trajiceret.
1054 4333 1159 4413 Neque
1171 4327 1249 4393 illud
1272 4326 1438 4407 obturbat,
1451 4328 1533 4411 quod
1548 4330 1591 4394 ita

377 4411 416 4476 sit
429 4415 577 4481 moribus
590 4431 801 4504 comparatum
816 4475 824 4506 ,
838 4434 875 4490 ut
888 4428 940 4491 ubi
956 4427 1127 4509 plurimum
1149 4432 1278 4491 naturae
1292 4471 1301 4504 ,
1315 4425 1358 4489 ibi
1373 4424 1539 4490 minimum
1552 4426 1591 4490 sit

377 4505 563 4589 industriae,
575 4518 607 4575 et
620 4533 734 4597 magna
744 4520 830 4601 regni
842 4520 1035 4603 Neapolitani
1046 4521 1202 4603 opulentia
1213 4519 1352 4603 segniore
1363 4518 1478 4583 incolas
1488 4519 1586 4584 iaciat:

376 4619 517 4684 ”mque
531 4601 559 4667 ei
570 4607 615 4670 rei
627 4607 694 4699 jam
710 4611 833 4678 Carolus
847 4615 1067 4697 sapientissime
1082 4615 1231 4697 providet,
1245 4621 1329 4682 certo
1343 4613 1530 4696 prudentum
1544 4618 1586 4680 ri·

375 4713 481 4762 rorum
493 4695 627 4764 Consilio
636 4703 816 4788 constituto,
825 4708 879 4789 qui
890 4706 928 4774 de
938 4708 1073 4778 externis
1085 4716 1116 4774 et
1128 4709 1320 4789 potissimum
1331 4704 1494 4772 maritimis
1505 4724 1589 4774 com·
