3942 5592
1510 460 1567 519 159

395 594 456 666 que
467 582 588 659 Sicilia,
603 588 765 662 tamquam
789 577 861 643 belli
875 575 994 640 sulmeh
1018 575 1145 638 emicuit
1157 573 1368 654 detonuitque,
1382 578 1413 635 et
1438 589 1537 652 aequo
1550 588 1601 632 co·

398 678 521 759 piarum
546 683 677 738 numero
691 691 763 738 cum
779 670 917 736 hostibus
930 686 1070 751 pugnam
1092 667 1131 731 ad
1143 667 1301 730 Rituntum
1315 667 1469 729 conseruit
1482 687 1491 742 3
1506 665 1605 743 deque

393 772 428 834 iis
441 787 603 854 percaram
619 768 650 830 in
662 764 866 830 historiarum
880 762 1089 826 monumentis
1100 759 1262 838 victoriam
1273 759 1448 840 reportavit,
1460 775 1520 839 qua
1533 766 1603 819 octo

391 862 530 926 millium
544 861 775 929 Germanorum
786 855 943 921 exercilus
956 853 994 918 ad
1009 873 1109 918 unum
1120 872 1220 935 usque
1234 852 1294 916 fusi
1310 852 1465 935 captique,
1488 859 1519 916 et
1532 869 1607 933 qua·

392 956 549 1038 dringenti
573 955 702 1019 omnino
715 951 840 1033 Hispani
862 948 978 1013 milites
998 948 1167 1013 desiderati.
1186 948 1242 1012 Sed
1266 949 1349 1014 enim
1371 945 1448 1010 illud
1462 947 1605 1009 omnium

392 1056 477 1127 rota,
492 1049 612 1112 nedum
628 1065 697 1130 spes
711 1043 876 1126 superavit,
890 1041 971 1123 quod
986 1043 1154 1107 Borhonius
1168 1042 1315 1123 Princeps
1329 1040 1437 1124 paucis
1452 1047 1520 1102 ante
1534 1036 1599 1100 die-

391 1143 448 1206 bus
474 1141 635 1224 Neapolim
662 1138 773 1203 urbem
793 1138 964 1219 ingressus,
979 1137 1055 1200 dum
1077 1137 1197 1219 Capuae
1220 1142 1251 1200 et
1265 1135 1394 1218 Cajetae,
1410 1132 1598 1196 firmissimis

391 1233 582 1317 Neapolitani
598 1220 686 1316 iegni
701 1232 857 1308 claustris,
870 1230 974 1295 hostes
988 1239 1019 1295 et
1029 1249 1159 1294 numeru
1173 1238 1202 1295 et
1217 1230 1325 1294 robore
1340 1227 1421 1291 haud
1432 1245 1505 1291 sane
1517 1243 1600 1308 sper·

392 1329 484 1393 nendi
509 1327 728 1413 praesiderent,
743 1342 913 1405 eorumque
934 1325 1085 1387 exereitus
1099 1323 1254 1388 Calabriae
1268 1321 1454 1402 ,lpuliaeque
1474 1338 1599 1401 campos

389 1422 488 1486 libere
510 1422 707 1504 persultaret,
721 1420 747 1481 is
760 1438 779 1480 a
792 1416 1030 1497 diligentissimo
1044 1426 1167 1498 parente
1178 1418 1318 1500 Philippo
1332 1416 1359 1479 V
1381 1414 1598 1497 Hispaniarum

393 1535 462 1600 rege
477 1524 581 1579 certus
603 1515 810 1597 propriusque
835 1509 898 1574 Rex
910 1510 1053 1592 Neapolis
1076 1512 1252 1593 Siciliaeque
1266 1509 1450 1593 appellatur,
1465 1519 1496 1574 et
1520 1508 1597 1574 haee

390 1610 450 1673 duo
463 1609 700 1690 opulentissima
714 1625 809 1687 regna
822 1605 862 1670 ah
876 1605 1008 1686 Hispana
1028 1605 1219 1686 monarchia,
1232 1622 1366 1688 quaeum
1380 1605 1419 1667 ab
1434 1602 1599 1667 llerdinan·
1684 1690 1686 1693 ι

392 1701 429 1764 do
443 1721 544 1785 usque
558 1700 708 1766 Catholico
720 1700 905 1772 coaluerant,
916 1698 1069 1763 abstracta
1083 1706 1167 1764 sunt.
1182 1699 1315 1777 Interea,
1328 1698 1404 1761 dum
1420 1696 1597 1763 adolescens

391 1793 549 1876 Princeps,
563 1803 694 1875 utroque
707 1811 802 1875 regno
815 1808 869 1874 per
884 1808 1041 1854 summam
1056 1791 1185 1873 gloriam
1200 1798 1319 1874 pacato,
1334 1792 1371 1854 ad
1387 1792 1500 1873 justam
1522 1790 1599 1871 legi·

391 1888 562 1968 limamque
576 1888 716 1951 virorum
730 1892 862 1949 aetatem
877 1882 972 1946 ferme
983 1893 1158 1966 provectus,
1169 1885 1303 1967 Reginae
1316 1887 1414 1962 uxori,
1426 1904 1504 1967 quae
1518 1887 1598 1949 hane

389 1980 565 2043 lelicitatem
590 1979 736 2062 subjectis
751 1978 869 2062 populis
894 1978 979 2059 regia
993 1978 1096 2041 sobole
1112 1985 1306 2059 perennarel,
1320 1978 1497 2061 jungendus
1517 1987 1595 2055 erat,

389 2071 437 2134 alii
453 2072 534 2136 alias
554 2075 582 2136 ei
598 2074 746 2155 conjuges
761 2072 894 2152 Reginas
910 2072 1104 2154 opinionibus
1128 2071 1328 2147 destinabant,
1343 2090 1436 2152 nemo
1451 2073 1597 2134 omniurn

387 2182 457 2228 sane
470 2184 559 2229 unus
574 2166 704 2229 blaciam
718 2166 869 2228 ameliam
881 2166 1096 2244 Walhnrgam,
1109 2163 1294 2228 Polouocum
1310 2165 1390 2245 regis
1402 2165 1509 2243 liliam,
1524 2182 1597 2227 eon·

386 2258 487 2341 jicere,
503 2277 599 2340 quam
625 2261 651 2321 ei
666 2259 852 2323 fortissimus
872 2278 908 2322 ac
922 2257 1166 2339 sapientissimus
1181 2257 1246 2321 Rex
1262 2258 1418 2339 Philippus
1443 2263 1530 2340 pater
1544 2257 1596 2321 de·

386 2352 516 2435 spondit.
531 2351 611 2414 llaec
628 2359 689 2413 tarn
702 2368 771 2414 rara
784 2359 845 2414 tam
857 2352 937 2415 mira
949 2354 1073 2430 tamque
1084 2349 1206 2431 inopina
1213 2359 1251 2428 ta,
1265 2368 1344 2431 quae
1355 2352 1387 2415 in
1399 2351 1457 2415 hoe
1478 2351 1598 2432 regium

384 2449 564 2530 nuptiarum
578 2464 666 2528 opus,
675 2445 768 2509 veluti
782 2450 964 2529 praeeuntes
978 2462 1117 2522 caussae,
1131 2454 1196 2507 tam
1211 2447 1370 2510 commode
1385 2455 1514 2528 apteque
1529 2465 1600 2510 con-

386 2547 545 2622 gruerant,
559 2558 658 2620 quum
680 2559 717 2603 ea
730 2541 886 2622 persuasio
900 2548 1084 2604 cunctarum
1110 2541 1250 2620 gentium
1266 2540 1378 2603 animis
1399 2540 1531 2604 insideat
1554 2539 1599 2601 di·

385 2637 489 2699 einum
506 2633 631 2698 Numen
647 2633 793 2715 peculiari
809 2654 886 2698 eura
900 2652 1009 2716 regum
1026 2634 1118 2698 rebus
1133 2633 1250 2712 adesse,
1266 2635 1337 2697 satis
1358 2637 1490 2711 graviter
1503 2635 1590 2698 adlic-

385 2735 472 2791 mant
485 2727 548 2792 hoc
570 2737 742 2808 augustum
757 2728 938 2812 conjugium
949 2748 968 2791 a
978 2730 1038 2792 Deo
1049 2729 1167 2811 Optimo
1177 2729 1389 2793 blaximoesse
1399 2730 1596 2795 curatissima

383 2820 538 2885 industria
551 2827 778 2902 comparatum,
793 2822 944 2904 primum,
959 2823 1040 2905 quod
1056 2824 1116 2898 hoe
1131 2823 1232 2904 regale
1247 2840 1303 2904 par
1318 2821 1490 2903 conjugum
1506 2841 1593 2885 surn-

384 2915 444 2979 mis
457 2912 605 2978 laudibus
616 2932 655 2978 ex
668 2932 765 2996 aequo
780 2915 838 2980 sihi
860 2916 1005 2997 utrinque
1029 2916 1287 2997 respondentibus
1301 2916 1533 2979 ornatissimum
1548 2915 1592 2977 di-

382 3005 455 3070 viua
465 3006 592 3070 bonitas
608 3007 699 3070 terris
713 3014 887 3071 monstrare
911 3007 1058 3086 voluerit,
1073 3009 1193 3088 deinde,
1207 3007 1290 3088 quod
1305 3008 1317 3087 t
1330 3008 1355 3069 si
1371 3008 1474 3071 hebeti
1491 3007 1591 3071 homi·

381 3119 456 3163 num
473 3101 573 3163 menti
596 3097 702 3162 diuina
715 3100 842 3164 consilia
858 3101 889 3162 in
903 3101 998 3163 sacris
1012 3108 1153 3164 aeternae
1167 3101 1245 3163 lucis
1262 3100 1469 3180 penetralibus
1483 3100 1589 3164 abdita

381 3193 514 3255 scrutari
538 3189 720 3271 quandoque
733 3188 851 3273 datur)
865 3192 1029 3256 laetissima
1049 3192 1123 3255 hice
1137 3193 1244 3255 omina
1263 3192 1404 3272 capimus
1429 3200 1588 3258 aeternam

381 3279 609 3347 Providentiam
623 3283 679 3348 has
693 3286 794 3367 regias
808 3287 933 3367 nuptias
948 3286 1027 3349 benc
1041 3286 1143 3349 fauste
1156 3284 1344 3366 feliciterque
1359 3285 1534 3363 adornasse,
1550 3297 1585 3350 ut

381 3376 473 3439 Socer
486 3375 649 3457 Generque
674 3376 790 3458 inclyti,
806 3378 882 3440 alter
905 3386 984 3441 terra
999 3378 1137 3459 marique
1157 3378 1235 3440 altor
1248 3377 1379 3440 harharo
1401 3376 1586 3442 blahometa·

380 3485 494 3532 norum
510 3468 638 3533 domino
650 3471 789 3552 ingentes
804 3471 906 3534 clades
917 3471 1111 3550 inferrent,et
1125 3470 1251 3533 Carolus
1262 3470 1434 3534 Borhonius
1445 3471 1583 3537 Hieroso-

377 3556 461 3642 lyma
475 3581 555 3643 puro
569 3580 605 3628 ac
619 3565 668 3645 pio
688 3563 767 3630 bello
780 3573 940 3648 repeteret,
955 3570 985 3628 et
998 3567 1063 3646 ejus
1078 3565 1164 3646 regni
1188 3565 1235 3629 uti
1250 3584 1303 3628 rex
1322 3566 1390 3649 jure
1405 3567 1583 3647 praeseribi-

379 3661 442 3731 tur,
458 3654 503 3719 ita
516 3656 703 3737 possessione
716 3675 841 3738 compos
864 3658 935 3721 fiat:
952 3659 1033 3722 circa
1046 3677 1127 3740 quae
1140 3658 1201 3722 duo
1216 3677 1338 3722 summa
1361 3658 1473 3738 capita,
1488 3661 1584 3724 veluti

376 3748 472 3830 polos,
484 3757 606 3814 nostrae
617 3750 768 3816 Orationis
782 3751 868 3814 orbis
882 3754 1127 3835 circumagetur:
1145 3753 1177 3816 id
1189 3770 1261 3816 vero
1272 3754 1370 3816 cuivis
1382 3753 1469 3815 facile
1484 3754 1585 3818 videre

379 3840 483 3919 datur,
496 3860 594 3923 quum
609 3844 819 3910 innumeroso
832 3847 937 3909 ovium
951 3866 1048 3928 aeque
1062 3848 1169 3911 aetatis
1180 3847 1381 3928 ejusdemque
1395 3846 1505 3910 eoloris
1519 3867 1585 3928 gre·
1680 3922 1683 3928 Ι

377 3951 424 4013 ge,
439 3952 591 4016 quarum,
603 3942 640 3999 ut
650 3944 753 4018 pastor
764 3939 897 4021 aliquam
910 3939 1089 4022 distinguat,
1100 3940 1165 4023 ipse
1178 3959 1247 4004 eam
1259 3947 1341 4003 certa
1355 3945 1427 4002 nota
1438 3939 1585 4021 insignire

375 4027 477 4107 debet,
495 4027 642 4093 lactentes
656 4030 745 4094 hoedi
770 4050 861 4095 suam
874 4033 1006 4114 quisque
1030 4040 1161 4097 matrem
1177 4038 1357 4114 agnoscunt.
1376 4030 1456 4095 llaec
1480 4043 1586 4098 autem

374 4120 535 4184 sensilium
559 4121 732 4185 formarum
756 4124 927 4188 similitudo
941 4126 974 4188 in
993 4126 1159 4189 hominurn
1174 4143 1284 4206 genere
1309 4130 1370 4188 tam
1385 4143 1458 4188 rara
1478 4135 1536 4206 est,
1551 4141 1587 4193 ut

374 4212 485 4276 fratres
498 4215 628 4295 gemini,
639 4233 718 4297 quos
733 4217 780 4279 vel
794 4216 886 4299 longa
900 4226 931 4282 et
943 4220 1043 4283 multa
1056 4234 1128 4282 eum
1144 4219 1180 4280 iis
1192 4219 1271 4282 vitae
1285 4221 1507 4285 consuetudine
1516 4225 1587 4305 quis

374 4308 582 4372 internoscere
595 4309 657 4373 riri
674 4311 779 4391 pessit,
795 4313 828 4375 in
850 4313 916 4376 suis
931 4312 1120 4377 familiarum
1133 4312 1252 4376 deliciis
1267 4334 1286 4376 a
1301 4316 1433 4378 summis
1448 4319 1584 4399 proceri-

373 4400 433 4465 hus
456 4402 648 4483 habeantur3
663 4413 693 4468 et
715 4414 821 4470 tamen
836 4407 911 4473 haee
928 4416 1012 4473 tanta
1025 4426 1060 4471 ae
1076 4416 1138 4471 tam
1158 4427 1227 4471 rara
1239 4427 1401 4491 corporum
1416 4410 1586 4475 similitudo

374 4494 494 4560 diversa
507 4516 620 4562 eorum
635 4499 771 4580 ingenia,
788 4501 900 4578 studia,
915 4520 1018 4565 mores
1041 4500 1128 4564 edere
1143 4501 1347 4582 comperitur.
1363 4501 1424 4566 llas
1439 4503 1591 4566 inexhau·

374 4595 438 4655 stas
454 4596 586 4654 naturae
597 4609 670 4672 opes
683 4592 759 4655 lleus
771 4593 914 4675 Optimus
927 4593 1080 4658 Maximus
1092 4601 1221 4657 naturae
1233 4591 1390 4671 dominus,
1401 4596 1589 4661 architectus

372 4682 541 4761 etarbiler,
557 4701 614 4747 sua
627 4683 730 4746 divina
745 4688 865 4750 unitate
880 4687 950 4750 vicit
963 4705 1000 4751 ac
1017 4690 1183 4770 superavit,
1193 4704 1289 4770 quum
1299 4686 1401 4766 regias
1410 4686 1509 4754 Caroli
1518 4695 1591 4754 etl·

1622 4791 1717 4984 l.
