3942 5592
1457 462 1514 521 ten

328 563 556 652 quamplurimis
566 575 728 650 conjeciui,
739 575 792 633 sed
803 572 896 650 salso,
912 571 985 649 suit,
998 576 1131 630 auctores
1144 569 1300 633 seditiosus
1309 590 1345 634 eo
1355 581 1437 635 nocte
1448 575 1557 652 sapsam

328 668 513 728 minimos.
530 663 568 724 As
592 669 669 722 em'm
682 681 748 722 eura
767 663 927 742 rnopnifiea
941 663 1124 725 auxiliorum
1133 668 1283 739 premisso
1296 681 1442 744 nusquam
1457 685 1557 744 appa-

328 771 483 842 s·erenl,ea
496 765 641 823 seditiosis
654 760 869 842 ascaraplmimi
883 760 924 818 ad
938 763 1034 838 reptos
1045 775 1075 817 se
1095 755 1309 831 subduxerant,
1328 777 1421 836 neque
1434 760 1557 824 ulterius

326 861 451 922 werae
465 857 621 917 seditionis
633 853 755 927 fortuna
766 851 858 910 dubia
872 857 963 913 maie
977 854 1107 927 spectata
1116 853 1168 909 cst.
1184 850 1255 909 Orto
1268 854 1360 926 ipitur
1374 855 1435 930 die,
1451 854 1547 915 ciuilis

326 956 425 1012 motus
435 951 585 1026 oppressio
599 947 748 1023 Restopno
765 943 912 1004 CanteImo
926 963 946 1004 a
960 941 1088 1020 increpa
1107 939 1222 1000 decreta
1231 947 1273 1001 est
1280 963 1293 1013 ,·
1309 947 1363 1004 sed
1375 963 1435 1023 quo
1446 964 1492 1008 res
1504 946 1556 1021 fa-

328 1046 420 1109 cilius
433 1041 639 1119 explicaretur
649 1034 731 1119 (cum
746 1037 842 1100 Arato
855 1041 948 1100 isanor
961 1032 1206 1118 ommunicatus)
1221 1056 1266 1114 aa,
1275 1041 1312 1099 de
1324 1045 1415 1118 rcqiis
1428 1041 1551 1104 redibas

325 1137 760 1221 despectametrorea‚coprae
773 1140 942 1212 recensitae,
951 1139 978 1195 et
989 1152 1045 1211 per
1060 1133 1229 1194 Toletarsam
1241 1137 1320 1194 cinos
1333 1154 1436 1214 nornen
1449 1144 1491 1197 ita
1504 1145 1553 1197 in·

327 1239 474 1297 structum
486 1236 679 1306 processerat.
696 1228 848 1308 Principio
862 1230 993 1290 urbanae
1009 1227 1153 1287 cambiae
1163 1228 1204 1287 ad
1220 1233 1332 1287 cadum
1342 1226 1406 1304 scre
1424 1230 1556 1293 limnines

327 1331 432 1391 aetites
443 1327 589 1408 opedani:
603 1323 673 1384 dinc
685 1326 895 1402 Hispanorum,
907 1328 976 1382 item
989 1323 1226 1383 Fererdoriorum
1236 1324 1414 1401 manr'psdus.
1425 1324 1554 1402 trimum

328 1437 436 1496 aomar
453 1417 619 1479 Cantelmus
634 1419 726 1491 ducit,
739 1416 821 1493 qnod
831 1419 1093 1493 praetorianorum
1104 1417 1252 1491 insumet
1272 1418 1391 1480 ducrrsti
1402 1425 1552 1498 emaque·

327 1519 415 1591 pinio
438 1513 571 1589 Hispani
585 1511 705 1586 pedites
721 1512 856 1572 obtinent.
876 1512 912 1572 Iu
926 1512 1022 1571 medio
1037 1513 1155 1587 opminc
1168 1509 1326 1571 biseerslum
1341 1520 1481 1596 patricii,
1494 1536 1555 1578 mo·

331 1612 425 1671 destis
437 1609 577 1669 adosissis
590 1609 705 1668 ciuilius
715 1627 751 1668 ac
762 1614 932 1686 pereprinis
945 1608 1075 1684 plurimo
1088 1624 1130 1665 ea
1138 1612 1225 1684 parte
1244 1609 1349 1685 Gallis,
1362 1614 1476 1687 pedites
1487 1620 1553 1692 api-

331 1703 444 1762 totranl.
459 1701 553 1779 quue
565 1698 695 1762 loannes
708 1703 845 1779 Baptista
859 1700 1047 1762 caracciolus
1063 1700 1287 1760 Martiaensium
1301 1700 1394 1762 ducit.
1407 1704 1488 1764 lister
1501 1721 1550 1765 eos

328 1797 443 1856 medios
454 1800 523 1870 pest
534 1799 675 1856 tamenta
685 1802 712 1855 ct
727 1796 845 1856 bellicas
860 1799 1033 1855 commeatus
1047 1794 1155 1854 Montis
1166 1794 1396 1856 Herculanarum
1410 1797 1553 1875 Princeps
1664 1847 1667 1851 .

329 1893 405 1966 equi
416 1893 513 1966 impos
527 1886 620 1948 rlreda
633 1906 708 1966 prae
720 1893 809 1950 unico
822 1895 907 1968 siano
922 1888 1048 1947 coicitur.
1065 1886 1267 1945 Novissimum
1279 1905 1384 1966 nornen
1397 1890 1554 1950 discentum

329 1978 388 2038 atii
401 1978 535 2056 Hispani
549 1981 676 2057 perimes,
691 1985 718 2040 et
741 1981 806 2040 aiio
821 1985 1079 2058 praetorianorum
1094 1981 1190 2034 turum
1211 1986 1405 2058 commonitus.
1422 1983 1552 2045 ioannes

333 2074 471 2152 Baptista
489 2073 597 2134 liccem
620 2067 662 2153 (si
678 2095 754 2154 prae
769 2080 922 2153 copiarum
931 2077 1084 2152 paucitate
1098 2072 1166 2131 ticet
1179 2070 1290 2155 dicere)
1304 2080 1408 2136 castris
1419 2076 1554 2138 modero-

330 2173 392 2226 tur.
406 2167 513 2247 itaque
527 2189 547 2228 a
560 2169 674 2246 retiqsm
684 2171 776 2230 milite
786 2173 913 2248 patricii
924 2169 1076 2246 praesidio
1086 2166 1212 2244 ficaroli,
1222 2173 1283 2246 ipsi
1297 2174 1456 2247 tormentis,
1470 2176 1555 2251 ripae

330 2266 359 2320 et
373 2260 469 2323 Arato
488 2261 644 2338 praesidio
658 2267 752 2324 erant.
775 2266 848 2325 Tum
862 2275 919 2340 quo
936 2258 1143 2339 procedebant,
1157 2262 1291 2336 undique
1304 2279 1446 2323 concursu
1457 2263 1552 2342 sacto,

330 2355 401 2415 torsi
415 2361 507 2433 cicer,
525 2363 623 2417 emnia
638 2363 677 2420 iis
692 2359 777 2436 bona,
789 2358 901 2434 lausto,
915 2356 1021 2434 felicia
1034 2361 1172 2432 ominari,
1182 2375 1212 2418 se
1225 2372 1339 2435 suaque
1348 2377 1449 2420 earum
1463 2368 1553 2422 ornus

330 2447 425 2508 dubia
438 2448 622 2527 sacerrime,
637 2450 673 2509 ab
686 2450 791 2511 iisdem
805 2455 869 2510 iaia
882 2467 1044 2529 repascere.
1061 2443 1189 2526 Cumque
1202 2452 1395 2527 tolpolricios
1404 2458 1482 2512 ciros
1493 2469 1553 2529 pru

328 2548 478 2604 conanum
502 2545 598 2606 salute
617 2552 769 2624 procacius
789 2547 907 2625 pedites
922 2545 1059 2625 profiteri
1080 2547 1262 2619 uiderentur,
1277 2545 1442 2610 nobilitatis
1456 2547 1553 2608 moda·

328 2643 430 2712 etiarn,
446 2637 570 2699 militiae
588 2639 700 2717 fastum
714 2641 866 2720 admirali,
881 2644 1004 2718 quisque
1018 2658 1065 2701 cos
1079 2638 1137 2700 sitii
1159 2639 1322 2716 reipublice
1335 2646 1552 2708 necessitudine

329 2735 507 2816 conjunctos
521 2743 692 2813 uanescunt.
711 2737 812 2814 Itaque
826 2740 1104 2812 ammarumpooata
1117 2739 1245 2807 cecitate,
1259 2738 1398 2799 dissensio
1417 2745 1449 2798 in
1461 2756 1496 2798 ea
1508 2742 1555 2802 di·

330 2831 479 2901 sm‘mine,
495 2821 624 2887 claritas
637 2827 722 2902 faeta
735 2832 790 2900 esi‚·
805 2832 833 2886 et
846 2845 920 2905 quos
935 2825 1105 2903 florentibus
1124 2823 1268 2901 fortunas
1287 2827 1454 2886 inciderant
1467 2832 1555 2904 raas,

329 2922 552 2998 inreperieulis
562 2922 688 3004 objectas
698 2929 827 2988 senpectas
839 2919 1015 2983 vocontiis·
1026 2927 1103 2981 mota
1117 2920 1271 2999 ileoiorum
1284 2937 1368 2980 orma
1379 2939 1399 2980 a
1413 2926 1558 2987 seditiosis

329 3018 483 3092 rescitum,
506 3013 649 3091 Sanprius
671 3020 723 3078 dat
736 3017 899 3091 eonsilium,
914 3019 945 3073 at
967 3020 999 3073 in
1011 3020 1125 3092 apmiae
1139 3020 1204 3090 ipso
1217 3031 1258 3073 ea
1270 3017 1438 3076 transverso
1451 3035 1555 3095 appre-

328 3106 472 3179 diaatur3
488 3108 567 3182 quod
579 3111 679 3182 secuti,
693 3125 753 3166 rem
767 3125 837 3170 sune
847 3106 981 3182 fecissent
995 3105 1123 3164 dabam.
1133 3108 1171 3165 At
1188 3103 1380 3165 Gombammto
1393 3126 1514 3168 semme
1527 3116 1555 3172 et

328 3208 440 3272 cepere
452 3203 673 3278 lacrimandi,
687 3209 715 3265 el
728 3209 861 3264 continuo
876 3204 917 3263 ad
925 3201 1218 3279 peraticumtsorreum
1229 3206 1386 3282 commas,
1397 3202 1491 3282 ibique
1503 3208 1556 3267 a·

329 3284 424 3350 bam
441 3292 547 3357 Portae
553 3300 807 3378 propupnacolum
819 3300 922 3376 erupisti
936 3298 1081 3357 horminum
1087 3297 1240 3375 praesidio
1250 3297 1438 3373 confirmavit.
1449 3301 1492 3360 Eo
1502 3318 1556 3376 ap·

328 3399 398 3445 men
408 3395 484 3453 enlm
495 3391 628 3472 Hatippi
640 3397 727 3472 Itepr's
739 3396 959 3456 acclamationes
969 3398 1048 3453 recta
1060 3396 1215 3471 conterriti,
1226 3400 1253 3454 et
1267 3395 1336 3454 dum
1346 3397 1415 3455 inde
1426 3396 1555 3458 urbanae

329 3483 483 3564 aseae,
498 3486 676 3565 Hispanique
698 3489 810 3564 velites,
824 3493 909 3549 uns'as
921 3486 1015 3561 ferme
1029 3488 1118 3547 torae
1137 3491 1321 3564 oppupnatu,
1333 3487 1483 3548 seditiosos
1500 3491 1556 3565 eji-

330 3581 531 3657 erumpnas
540 3590 618 3645 acres
631 3591 662 3645 in
675 3584 810 3647 subsidiis
820 3588 893 3644 erat.
908 3583 982 3642 Hinc
992 3581 1094 3641 irorree
1104 3585 1283 3660 recuperato,
1297 3587 1329 3641 in
1338 3580 1406 3642 Divi
1416 3581 1559 3642 Dominiei

331 3685 351 3726 o
365 3666 490 3732 Sacram
504 3693 576 3736 area
589 3680 788 3752 consederunt,
797 3694 855 3753 per
865 3694 940 3753 quae
954 3678 986 3736 id
999 3681 1133 3752 temporis
1146 3674 1250 3736 milites
1271 3670 1405 3750 Sylviarai
1416 3674 1557 3734 iotario·

330 3766 375 3826 tes
387 3771 421 3826 in
433 3767 505 3829 Diui
517 3770 595 3832 Petri
604 3775 645 3834 ad
654 3771 806 3853 Majcllam
815 3774 937 3831 inscendi
940 3790 952 3839 ;
962 3785 1037 3845 pars
1047 3768 1112 3849 ejus
1129 3766 1240 3844 Templi
1251 3770 1354 3825 turrim
1365 3774 1555 3842 occuparunt,

330 3859 409 3922 unde
417 3882 476 3941 per
490 3869 551 3928 diei
563 3869 705 3946 reliquum
727 3868 872 3930 seditiosis
885 3885 949 3928 eam
971 3870 1012 3928 od
1025 3868 1095 3926 Diei
1107 3865 1260 3924 laurentii
1275 3869 1353 3923 oiarn
1367 3862 1554 3939 infestarunt.

332 3952 396 4013 Alit
401 3963 455 4033 qni
461 3958 555 4020 Dicae
566 3962 673 4021 Clarae
681 3968 787 4022 turrim
797 3977 837 4022 ea
846 3965 931 4038 porte
941 3962 1067 4021 adversa
1077 3964 1204 4033 ternpore
1213 3957 1438 4015 circumveniant
1447 3962 1479 4015 in
1488 3956 1561 4017 Diui

334 4050 501 4114 &bassani
510 4062 559 4116 eia
573 4060 668 4119 relicti
680 4066 755 4122 sant.
771 4058 844 4118 Indc
857 4076 961 4132 apmen
974 4059 1016 4118 ad
1029 4073 1092 4117 eam
1105 4053 1333 4131 oppnqnandam
1347 4053 1505 4131 redactum,
1518 4072 1554 4113 ae

332 4143 492 4225 velitarsdo,
506 4154 676 4212 tarmerdum
690 4160 721 4214 in
734 4161 799 4214 viae
810 4151 945 4228 saucibus
961 4171 1002 4212 ea
1014 4154 1169 4212 adversm
1180 4152 1257 4207 turri
1269 4146 1403 4209 ranam.
1421 4144 1468 4208 Ibi
1480 4151 1558 4209 sedi·

331 4239 399 4298 tiosi
409 4254 546 4312 caperem
560 4247 635 4302 imcr
648 4243 742 4304 Dicae
760 4244 865 4305 Cicerae
880 4288 888 4319 ,
911 4248 939 4302 et
953 4243 1129 4304 iesssitarum
1143 4238 1229 4299 aedes
1242 4237 1358 4298 ducissa
1372 4237 1519 4314 deserunt,
1531 4242 1560 4299 et

333 4336 363 4391 in
375 4350 409 4392 ea
422 4350 494 4393 area
507 4344 626 4414 emersi,
637 4357 736 4416 parea
750 4347 827 4400 acies
843 4340 978 4400 censistit.
988 4335 1105 4397 Irstcreo
1114 4335 1213 4395 actites
1222 4330 1259 4390 ab
1271 4339 1321 4392 aia
1333 4332 1404 4391 Diei
1414 4328 1559 4395 Sebastia-

333 4433 366 4487 m·
376 4435 407 4490 in
421 4429 516 4490 Dicae
529 4434 635 4494 Clarae
646 4442 789 4513 posticum
808 4439 995 4512 irruptionem
1008 4437 1091 4491 irrito
1106 4434 1210 4492 amictu
1219 4432 1341 4504 parant,
1356 4431 1384 4487 et
1393 4445 1491 4487 eorum
1504 4430 1560 4490 du-

335 4529 395 4583 ctor
407 4530 513 4587 temere
528 4533 606 4590 turri
616 4533 779 4608 succedens,
795 4538 914 4593 occasus.
927 4529 1031 4606 Neque
1044 4531 1161 4587 interim
1171 4528 1350 4603 opprrpnatia
1359 4525 1559 4600 puicqssomolr

334 4613 395 4677 also
402 4623 491 4695 parte
497 4622 684 4697 procedebat.
701 4623 778 4683 Nom
788 4627 929 4683 tornando
939 4639 1052 4683 samaro
1065 4623 1176 4679 tardum
1188 4623 1278 4678 turris
1286 4616 1420 4693 patebot3
1433 4613 1561 4691 inferior

336 4723 402 4766 rere
409 4725 488 4785 pars
498 4712 549 4773 eriri
560 4711 674 4777 Malitia
688 4721 714 4776 et
734 4716 863 4778 Tibcrius
881 4714 1045 4792 Carasaeus
1063 4730 1126 4773 eura
1140 4713 1245 4786 oipinti
1253 4713 1431 4769 aneatorum
1446 4717 1559 4786 praeri-
