3942 5592
525 618 679 680 Nocturna
691 615 806 676 aaran
818 627 919 693 raone,
932 614 1045 674 versate
1059 617 1179 676 dinam,

523 716 561 775 stt
573 715 670 775 nostri
678 714 788 790 proavi
801 708 956 772 Plantinos
970 715 998 771 el
1010 728 1143 772 nummos
1156 717 1183 772 el

523 809 697 871 laudavere
709 808 796 871 sales:
807 808 929 868 ne'mlam
933 810 1084 884 patienter
1092 811 1259 886 utrumqne,

523 902 570 964 Ne
582 903 681 963 dicam
694 899 794 974 stulte,
807 898 921 957 mirati:
938 901 966 960 sl
979 900 1067 959 modo
1078 916 1130 977 eqo
1144 903 1171 958 el
1184 914 1236 960 oos

525 996 639 1057 &imos
652 988 828 1051 inurbanam
840 983 940 1063 lepido
952 992 1092 1065 seponere
1105 990 1195 1059 dicto,-

521 1089 755 1169 chits'rnamqne
763 1098 867 1146 sonam
880 1081 985 1161 diplois
997 1083 1149 1154 callemus,
1164 1087 1192 1142 et
1203 1099 1284 1148 aare.

564 1185 699 1263 Ipnotnm
713 1185 843 1259 tropicae
856 1195 950 1256 penas
962 1184 1107 1242 inuenisse
1122 1184 1262 1242 Camenae

523 1275 648 1342 Diaeta,
662 1280 689 1335 el
696 1271 841 1353 planstris
852 1274 969 1332 oemsse
978 1274 1115 1348 meinata
1134 1271 1266 1352 Thespis,

522 1366 604 1441 erae
617 1368 752 1428 coensem
765 1367 941 1442 aqernslqne
947 1365 1085 1440 pernoscis·
1094 1360 1227 1439 foecihns
1240 1381 1303 1425 oro.

525 1457 593 1518 Post
605 1455 683 1516 hanc
691 1468 836 1530 personae
843 1449 1001 1528 pallaeque
1014 1456 1148 1533 repertor
1157 1451 1295 1516 amaseae

519 1549 693 1629 Aeschylus,
706 1553 734 1609 el
745 1547 868 1608 monas
879 1544 1019 1610 'instravit
1027 1545 1256 1626 palpitationis,

404 1727 466 1782 rte.
480 1719 673 1793 Innrhonnmi
688 1710 818 1782 Scurrile.

404 1818 467 1874 rit.
482 1815 592 1886 Dipllts
604 1808 755 1870 colomna,
772 1813 800 1864 el
812 1808 894 1881 aare)
907 1808 942 1866 Ut
954 1807 980 1864 in
993 1807 1066 1878 poesi
1082 1805 1170 1865 italica
1183 1810 1282 1867 nedum
1304 1812 1394 1886 digitis
1414 1819 1580 1876 numerando

374 1917 494 1959 seranum
508 1898 636 1974 syllabas,
652 1897 699 1955 sed
713 1910 778 1953 aure
792 1895 940 1969 legitimum
953 1909 1159 1952 eorumeorurn
1173 1895 1304 1953 callemus
1318 1924 1324 1952 ;
1340 1906 1367 1957 et
1381 1900 1407 1956 in
1421 1902 1500 1960 latina
1511 1921 1578 1976 quo·

375 2004 421 2061 que
432 1987 506 2057 poesi
520 1984 693 2052 calleremus,
708 1981 730 2036 si
743 1987 864 2051 tempora
877 1980 1041 2054 syllabarum
1055 1995 1108 2035 non
1122 1985 1197 2054 arte,
1211 1983 1249 2037 uti
1271 1999 1344 2042 nunc
1358 1996 1464 2045 mortua
1478 1989 1579 2065 lingua,

373 2075 533 2139 redactura,
548 2071 588 2126 uti
601 2084 633 2125 ea
646 2070 751 2123 vivente
764 2081 780 2121 a
792 2066 884 2137 pueris
898 2066 1074 2122 disceremus.

689 2182 735 2229 lta
746 2180 943 2230 damnum
954 2192 1088 2242 maon
1099 2180 1246 2230 hiatorh.

405 2311 468 2365 tis.
482 2309 620 2380 [molam
632 2306 764 2378 tropicae
777 2304 875 2375 penos)
890 2304 957 2359 ilinc
971 2302 1111 2359 Horatium
1126 2301 1276 2362 doctrinam
1291 2307 1324 2365 de
1338 2314 1450 2384 satyra,
1472 2313 1527 2370 sire
1542 2313 1576 2371 de

375 2396 548 2468 antiquissima
560 2394 697 2468 tragoedia
709 2393 826 2464 incipero
839 2392 968 2464 oportuit.

408 2490 471 2546 tii.
485 2486 642 2560 Planateis)
656 2485 807 2545 Vindemiae
821 2492 940 2557 tempore
952 2525 960 2558 ,
974 2483 1073 2557 quibus
1085 2500 1153 2554 uras
1167 2486 1201 2543 ad
1214 2488 1361 2547 torcularia
1373 2496 1400 2547 et
1411 2489 1488 2548 lacus
1501 2494 1570 2555 iere·

375 2573 451 2630 hant:
466 2588 583 2644 quornm
596 2571 809 2644 antiquissimum
823 2569 964 2642 seshginm
978 2569 1006 2623 in
1018 2574 1111 2625 nasim
1124 2570 1267 2642 Campania
1281 2577 1436 2649 permansit,
1450 2578 1496 2634 uhi
1509 2583 1578 2638 viai·

379 2672 442 2721 tores
455 2663 583 2722 dicuntur
595 2663 678 2736 vulgo
693 2664 873 2722 corauliset
886 2661 993 2732 impune
1005 2659 1103 2717 habent
1114 2661 1242 2721 honestos
1253 2665 1325 2722 siros
1335 2666 1500 2743 laminasque
1510 2688 1574 2743 pro·

378 2754 478 2811 eronus
491 2752 571 2812 dictis
583 2752 724 2824 impetendi
736 2752 880 2810 licentiam.

410 2847 470 2902 tii.
483 2843 768 2917 Peranetisaecihus
780 2845 842 2918 oro)
856 2844 943 2912 Quare
957 2843 1045 2918 Satyri
1058 2849 1168 2914 pectore
1177 2849 1204 2900 et
1214 2860 1261 2902 ore
1271 2845 1415 2906 rubicundi
1425 2851 1573 2924 tinguntur,

381 2930 421 2987 uhi
430 2931 513 2989 ridere
526 2931 589 2988 licet
601 2931 780 3004 mythologoa,
794 2931 840 3003 qui
853 2932 880 2986 in
894 2945 1014 2988 errorem
1027 2929 1141 3003 inducti,
1155 2930 1230 3003 quod
1239 2947 1291 2988 vos
1300 2923 1355 2984 κᾶν
1366 2941 1454 2991 toturn
1465 2925 1575 2993 rel'uai·

383 3035 479 3078 versum
493 3022 636 3095 significat,
650 3021 675 3077 iu
689 3020 731 3077 dei
745 3021 821 3078 Panis
834 3019 952 3077 salsulam
964 3019 1099 3076 eruditam
1112 3019 1304 3094 mythologiam
1318 3022 1484 3098 obtrudunt,
1499 3025 1572 3098 qnod

381 3108 462 3182 pedes,
475 3125 568 3178 crura,
582 3124 665 3166 cosae
679 3109 802 3181 caprinae
817 3114 915 3166 terram
929 3108 1064 3180 silvosam,
1078 3114 1176 3178 pectus
1189 3113 1217 3164 et
1227 3125 1258 3164 os
1266 3110 1449 3167 rubicundum
1459 3111 1574 3170 elemen-

382 3200 431 3250 tum
441 3195 518 3268 iguis,
533 3211 636 3253 cornua
649 3193 733 3251 solem
746 3193 891 3267 lunamque
905 3193 1062 3267 significent.

444 3280 493 3338 Sed
506 3281 565 3337 heic
579 3280 626 3336 illa
637 3280 709 3337 haud
724 3279 870 3351 spernenda
884 3279 970 3335 oritur
983 3277 1146 3334 difficultas:
1161 3279 1211 3345 Qui
1225 3280 1360 3352 tragoedia
1372 3323 1379 3351 ,
1393 3297 1462 3355 quae
1474 3292 1568 3358 postea

383 3365 408 3422 in
418 3385 471 3428 esra
483 3371 673 3428 sublimitatem
685 3376 779 3429 erecta
792 3376 842 3442 est,
855 3375 885 3425 ut
897 3368 971 3426 Plato
984 3383 1044 3424 eam
1057 3369 1186 3440 epopoeia
1196 3369 1365 3442 grandiorem
1376 3374 1518 3451 existimet,
1529 3378 1570 3435 his

365 3516 369 3521 .
385 3461 520 3520 mdissimis
533 3463 672 3534 principiis
686 3469 745 3518 orta
756 3468 816 3530 est3
831 3468 859 3518 et
871 3463 1003 3518 Homerus
1015 3460 1110 3531 Eupoli
1122 3461 1208 3518 multo
1219 3461 1293 3533 prior
1302 3463 1517 3536 incomparabilis
1527 3469 1575 3526 he·

383 3553 462 3611 roicus
476 3563 556 3628 poeta
568 3561 676 3628 repente
688 3555 772 3613 entim
782 3554 876 3611 illaec
889 3552 1036 3611 difficultas
1047 3569 1080 3609 ex
1092 3558 1190 3610 Novae
1202 3556 1351 3613 Salonine
1364 3559 1525 3632 Principiis
1538 3559 1577 3617 ia-

387 3641 430 3700 ele
441 3644 569 3702 rolritru:
585 3646 684 3718 quibua
698 3646 898 3703 demonstratur
910 3645 1055 3701 Homerum
1069 3643 1094 3699 in
1108 3645 1187 3700 tertia
1198 3644 1369 3702 heroicorum
1379 3654 1520 3719 poetarum
1530 3664 1575 3705 ae-

384 3741 429 3791 tate
439 3737 603 3810 provenisse,
617 3744 644 3795 et
656 3737 791 3794 heroicam
803 3737 904 3809 poesim
915 3752 967 3792 non
979 3736 1068 3792 minus
1078 3737 1184 3802 rudem,
1194 3753 1275 3809 quam
1286 3738 1343 3794 heic
1355 3739 1501 3795 dramatico
1511 3757 1573 3796 nar·

383 3832 459 3900 ratur,
471 3826 620 3898 primulum
633 3836 720 3886 ortam
733 3844 811 3886 esse:
827 3827 901 3902 qnod
914 3827 1030 3899 graviter
1043 3827 1218 3885 confirmatur
1229 3821 1288 3885 'turn
1302 3844 1334 3884 eo
1347 3829 1420 3901 quod
1431 3829 1463 3885 de
1474 3832 1572 3888 carmi·

381 3912 416 3967 uis
427 3912 526 3970 heroici
539 3915 639 3988 origine
653 3915 775 3987 superius
788 3915 953 3982 dictumest,
963 3927 1033 3985 quae
1044 3915 1192 3984 primorum
1202 3917 1339 3972 hominum
1350 3914 1488 3971 infantiam
1499 3933 1576 3990 aper·

379 3998 469 4057 tissime
482 4000 597 4072 probat:
614 4009 672 4059 tum
687 4003 750 4073 ipsis
763 4001 952 4074 antiquissimis
965 4000 1073 4068 tabulis,
1087 4017 1157 4074 quae
1170 4003 1236 4058 satis
1249 4000 1398 4057 inconditae
1412 4003 1571 4078 ineptasque

378 4084 407 4141 ad
417 4102 463 4142 aaa
475 4102 564 4159 usque
577 4096 776 4162 pervenerunt,
793 4096 822 4146 ut
835 4089 881 4145 illa
895 4088 996 4160 primae
1011 4089 1104 4144 aetatis
1117 4089 1249 4159 poeticae,
1260 4092 1353 4160 utpote
1367 4107 1435 4163 quae
1450 4108 1507 4150 rem
1518 4101 1573 4152 sta·

378 4172 486 4244 timpost
495 4170 627 4231 diluvium
637 4175 716 4233 tradit
728 4196 736 4248 ς
750 4175 875 4232 Dencdio
886 4182 913 4231 et
922 4173 1024 4249 Pyrrha
1034 4173 1164 4246 conjuges
1176 4190 1258 4245 super
1269 4175 1390 4232 Parnassi
1400 4181 1498 4235 montis
1506 4180 1575 4255 jugo
1605 4173 1607 4178 ’

377 4269 432 4320 aute
443 4263 509 4321 deae
522 4264 655 4323 Themidis
669 4267 797 4338 templum
810 4266 908 4338 lapides
923 4273 983 4322 ante
997 4264 1078 4337 pedes
1091 4266 1192 4335 positos
1211 4275 1272 4337 post
1290 4272 1365 4341 terga
1382 4271 1529 4343 rejiciunt,
1548 4281 1576 4332 et

375 4347 489 4404 homiues
501 4356 670 4424 nascuntur,
684 4359 712 4408 et
724 4352 768 4408 illa
780 4350 883 4409 mediae
896 4352 991 4408 aetatis
1005 4349 1147 4422 poeticae,
1161 4351 1279 4409 Cadmus
1293 4364 1444 4426 serpentem
1458 4360 1573 4433 occidit,

373 4438 428 4510 ejus
441 4440 507 4496 serit
519 4440 623 4511 dentes,
637 4443 752 4515 lapidem
766 4445 791 4499 in
805 4443 921 4501 medium
935 4443 1007 4513 iacit,
1023 4457 1056 4496 cx
1069 4441 1151 4496 sulcis
1165 4442 1285 4501 homines
1299 4449 1394 4503 armati
1406 4450 1575 4525 cominatur,
1608 4511 1611 4518 ,

372 4540 513 4597 mumque
526 4525 591 4597 ipsis
604 4529 761 4603 confligunt,
775 4536 802 4587 et
814 4528 934 4586 Cadmus
949 4528 974 4583 in
988 4533 1138 4598 serpentem
1151 4533 1319 4587 convertitur
1332 4551 1338 4586 :
1354 4549 1424 4606 quae
1437 4531 1530 4591 inbuta
1539 4552 1572 4593 ex

371 4621 474 4672 marrae
487 4615 665 4690 mythologiae
678 4621 821 4680 historicae
835 4617 969 4692 principiis
982 4616 1116 4691 poeticam
1130 4620 1338 4695 quingentorum
1348 4621 1432 4682 terme
1442 4640 1575 4685 annorum

373 4705 505 4764 hammam
519 4703 718 4780 complectitur.
