3942 5592
1356 395 1365 425 t

1437 457 1496 516 ιιι

312 580 373 640 qua
396 561 492 643 regali
517 575 574 639 per
586 557 694 620 urbem
708 569 815 634 pompa
830 555 894 617 lter
909 555 1146 636 angustissimus
1170 554 1342 633 equitasti?
1356 557 1540 620 Praeteream

312 663 414 723 aulam
429 676 505 722 auro
520 656 676 730 sericoque
692 649 835 714 contexta
851 654 961 732 ubique
975 659 1152 732 praetenta:
1169 654 1269 716 sileam
1285 655 1481 733 temporarios
1492 670 1541 713 ar·

312 776 363 820 cus
378 773 438 837 pro
450 755 549 817 Curiis
563 754 787 831 magnificenter
802 756 972 827 extructos,
990 757 1102 814 taceam
1119 752 1224 813 titulos
1239 753 1471 831 ingeniosissime
1484 750 1539 811 tibi

312 850 498 929 inscriptos:
515 847 622 909 missos
646 847 750 907 iactam
773 861 868 921 equos
890 844 986 906 indole
1003 850 1066 906 tum
1082 843 1212 905 maxime
1225 862 1369 922 generosa
1392 844 1539 906 ditissime

312 946 499 1024 phaleratos:
515 940 665 1003 confertas
681 956 842 1016 puerorum
856 942 888 999 ot
903 940 1056 1015 splendide
1073 939 1237 1000 instructas
1253 939 1395 1016 familias,
1412 940 1540 1000 militum

311 1043 402 1118 acics,
419 1055 598 1118 quacunque
611 1054 810 1117 processurus
824 1054 901 1115 eras,
918 1041 1110 1104 extenuatas.
1129 1039 1201 1111 Quis
1215 1041 1370 1099 enumeret
1382 1052 1537 1116 proceres,

313 1156 479 1218 eorumque
494 1141 620 1198 ornatus
634 1154 669 1198 aa
683 1135 915 1213 magnificentiae
930 1136 1049 1197 modum
1065 1135 1214 1197 describat
1227 1132 1245 1194 ⁶?
1257 1138 1332 1213 quot
1346 1135 1425 1196 cives
1439 1152 1477 1194 ex
1493 1150 1541 1192 rr·

311 1234 359 1314 gni
373 1231 558 1309 manicipiis,
575 1247 609 1292 ac
626 1229 818 1306 praefecturis
833 1228 1009 1289 conlluerint
1023 1226 1043 1290 ⁸?
1057 1232 1132 1303 quot
1148 1228 1201 1289 viri
1211 1226 1377 1305 Principes,
1390 1244 1424 1288 ac
1438 1224 1539 1303 Legati

313 1325 453 1390 abitalia
468 1320 679 1386 convenerint?
693 1321 744 1397 qui
759 1321 933 1399 amplissimi
948 1322 1070 1383 Romani
1084 1320 1223 1398 Principis
1233 1318 1390 1381 Senatores
1400 1317 1539 1380 candenti

311 1422 396 1480 astro
410 1419 546 1478 nitentes
559 1412 703 1476 coierint?
718 1414 947 1474 honestissimas
963 1417 1115 1474 matronas
1128 1414 1254 1491 gemmis
1269 1429 1402 1488 auroque
1415 1426 1538 1490 graves,

311 1514 533 1595 magistratus,
550 1512 725 1592 pontificos,
742 1511 913 1572 sacerdotes
928 1511 996 1588 quis
1011 1509 1139 1588 unquam
1161 1507 1343 1573 recenseat?
1357 1510 1394 1569 Et
1411 1509 1438 1568 in
1454 1511 1539 1568 tanta

313 1609 470 1670 bominum
485 1605 582 1684 copia,
599 1606 729 1669 virorum
746 1604 866 1678 lumine,
884 1620 982 1664 rerum
999 1605 1169 1683 splendore,
1187 1603 1215 1664 in
1231 1604 1298 1679 viis,
1312 1602 1350 1663 de
1365 1600 1483 1662 aedium
1497 1601 1540 1662 le·

312 1706 437 1780 nestris,
453 1704 491 1765 de
507 1706 654 1763 tectorum
669 1701 808 1778 fastigiis,
825 1705 859 1762 tu
874 1702 1012 1764 omnibus
1023 1719 1100 1763 unus
1111 1706 1211 1762 totum
1226 1701 1461 1780 magnificentiae
1472 1717 1542 1777 spe-

311 1801 466 1865 ctaculum
484 1800 512 1860 in
527 1816 562 1861 ea
576 1815 685 1877 pompa
701 1799 874 1862 exhibebas:
891 1802 924 1859 et
939 1815 1127 1877 quacumque
1142 1800 1336 1878 procedebas,
1352 1799 1391 1860 ita
1407 1799 1539 1860 omnium

312 1899 341 1959 in
355 1902 388 1959 te
401 1913 496 1960 unum
510 1894 688 1957 advertebas
702 1894 840 1969 obtutus,
856 1899 891 1955 ut
904 1895 1002 1955 dicere
1018 1911 1073 1954 non
1087 1893 1221 1956 dubitem
1235 1912 1272 1955 eo
1285 1894 1333 1955 die
1348 1899 1378 1953 te
1392 1894 1455 1954 suis
1468 1910 1541 1954 ocu-

310 1992 349 2052 lis
361 1989 482 2052 ltaliam
497 1986 670 2066 gestavisse.
687 1988 769 2061 Quae
784 1993 844 2048 lum
861 1986 957 2047 omina
973 1987 1029 2047 tibi
1042 1985 1095 2047 Pio
1111 1987 1197 2048 Felici
1214 1985 1355 2065 Augusto
1368 1990 1514 2065 concepta
1531 1988 1541 2046 t

310 2083 395 2156 Quae
409 2085 480 2142 vota
497 2081 551 2141 tibi
567 2077 670 2137 hostes
685 2077 875 2138 debellatum
889 2076 1072 2157 nuncupata!
1087 2078 1166 2150 Quas
1181 2078 1209 2138 in
1226 2078 1341 2152 laudes,
1352 2096 1473 2156 qaoque
1484 2079 1540 2138 im·

311 2184 387 2258 peta
404 2176 521 2238 laetitia
535 2174 731 2238 simulationis
746 2173 848 2251 ignara
859 2175 1017 2254 prorupitt
1030 2179 1064 2237 at
1076 2177 1155 2235 illurn
1167 2175 1341 2236 tralatitiam
1354 2181 1468 2253 nepam
1482 2176 1538 2236 Dc·

314 2293 380 2355 erar,
393 2272 475 2333 illam
490 2270 636 2333 celebrem
652 2271 864 2333 incraneaam
872 2257 1196 2352 llepnaorumpsilatam
1208 2272 1286 2333 illam
1304 2271 1473 2332 Catholicae
1484 2270 1542 2331 Ile·

316 2366 444 2446 ttptonis
460 2364 663 2440 mandram,
677 2360 811 2421 crebram
827 2362 905 2421 illam
919 2367 949 2421 et
964 2365 1092 2424 maxime
1106 2367 1279 2442 usurpatam
1298 2363 1443 2425 Universa
1452 2361 1540 2424 Hila-

314 2466 390 2526 vitas
400 2479 444 2524 ex
458 2462 522 2523 tuis
535 2459 698 2520 missilibus
713 2460 901 2536 desumptam
916 2461 1079 2522 audiveris.

353 2559 455 2633 bique
480 2555 595 2614 utinam
611 2555 687 2614 oeus
702 2552 823 2613 lecisset
851 2556 1048 2631 immortalis,
1067 2562 1100 2616 ιιι
1113 2555 1187 2616 ιιιίιιι
1204 2555 1251 2616 bic
1265 2559 1348 2621 tanta
1367 2553 1411 2613 vis
1425 2549 1542 2613 dicendi

316 2656 505 2732 suppeteret,
521 2654 583 2711 tam
598 2650 706 2711 uberes
717 2651 905 2728 eloquentiae
919 2652 1017 2713 lontos
1029 2657 1232 2731 erumperent,
1248 2656 1332 2712 tanta
1352 2649 1438 2728 copia
1452 2660 1541 2727 supe·

317 2753 411 2824 rarat,
424 2750 459 2808 ut
474 2743 547 2824 quot
561 2747 743 2824 quantisque
757 2745 910 2808 benellciis
926 2749 1003 2810 banc
1018 2749 1184 2823 civitatem,
1199 2749 1255 2808 boc
1268 2761 1394 2824 regnum
1410 2742 1540 2814 ornaris,

318 2844 448 2921 auxeris,
465 2841 628 2904 cumularis
643 2844 688 2902 vel
704 2841 892 2919 pressissimo
907 2843 985 2921 stylo
1004 2846 1158 2922 complecti
1174 2844 1311 2921 possem!
1325 2841 1381 2913 Qui
1396 2839 1542 2918 principio

319 2935 474 2996 adveniens
490 2934 537 2994 illa
550 2934 745 3013 patriciorum
767 2933 861 2994 ordini
879 2939 999 3012 praeter
1020 2953 1119 3012 spem,
1135 2939 1255 3014 praeter
1280 2934 1366 2994 tidem
1388 2930 1542 2992 benefacta

321 3030 525 3107 promulgasti,
543 3035 577 3090 ut
591 3030 773 3109 Neapolitani
791 3031 823 3092 b.
841 3030 980 3092 lobannis
996 3032 1115 3107 equites
1130 3032 1337 3109 Neapolitanae
1351 3027 1541 3088 classiduoes

322 3138 352 3183 ac
367 3124 510 3202 praelecti
523 3123 759 3201 imponerentur:
771 3129 802 3184 et
815 3124 957 3198 Gadibus,
971 3124 1179 3202 llispaniarum
1192 3123 1342 3196 claustris,
1355 3121 1400 3180 vir
1410 3121 1480 3196 binc
1490 3135 1541 3196 pa·

261 3282 263 3307 Ι
322 3221 421 3283 iricius
435 3226 589 3300 praeesset
603 3238 640 3281 ex
655 3221 766 3284 ordine.
784 3222 853 3285 llox
869 3225 903 3282 ut
918 3222 1114 3300 significares,
1127 3222 1232 3298 quanti
1247 3220 1411 3281 nobilitatis
1425 3219 1541 3279 iaceres

322 3312 415 3389 imm,
433 3313 653 3392 Neapolitanam
669 3315 805 3390 equitum
818 3316 929 3375 dudum
942 3316 1082 3392 scriptam
1095 3316 1239 3394 legionem
1252 3314 1302 3373 illo
1316 3312 1477 3375 incredibili
1489 3312 1542 3374 be·

323 3409 418 3470 reficio
432 3409 589 3483 decorasti,
615 3415 648 3470 ut
663 3415 696 3471 et
711 3412 747 3471 iis
763 3412 907 3473 Praetorii
922 3413 1092 3474 custodiam
1106 3413 1301 3473 concrederes
1315 3453 1324 3485 ,
1340 3415 1372 3471 et
1388 3413 1461 3490 ipsis
1474 3415 1539 3474 tur-

322 3518 432 3566 marum
446 3503 580 3565 Ducibus
596 3502 736 3581 praelecti
752 3507 906 3581 optionem
927 3506 1111 3567 remitteres.
1127 3506 1200 3567 ilinc
1214 3521 1273 3582 quo
1289 3505 1420 3566 rusticae
1438 3505 1542 3582 plebes

322 3603 351 3659 et
362 3601 527 3663 mullitudo
542 3602 667 3675 urbana,
683 3603 734 3678 qui
752 3605 781 3661 te
800 3605 963 3666 maximum
978 3604 1091 3680 colunt,
1109 3605 1256 3681 optimum
1270 3606 1361 3665 etiam
1375 3605 1536 3675 sentirent,

324 3710 378 3755 ano
391 3695 503 3774 edicta,
521 3696 614 3773 plebi,
632 3698 804 3775 populoque
818 3698 1013 3775 Neapolitano
1026 3698 1181 3759 dimidium
1191 3738 1204 3772 ,‚
1220 3700 1300 3773 quod
1316 3714 1371 3775 pro
1386 3698 1535 3758 irumento

320 3791 473 3869 penditur,
489 3792 613 3869 vectigal
632 3793 776 3854 remittis:
793 3797 825 3853 et
840 3795 1051 3856 universitates
1066 3795 1176 3855 civium
1191 3794 1375 3855 tributorum
1390 3809 1468 3867 reas,
1488 3807 1543 3851 ao·

321 3887 362 3946 vis
375 3888 542 3967 propositis
556 3889 678 3964 tabulis,
695 3891 808 3968 ingenti
824 3909 891 3952 aere
907 3910 962 3969 per
976 3896 1074 3954 tolum
1090 3909 1213 3970 regnum
1228 3893 1383 3954 universas
1397 3890 1541 3951 absolvis.

304 3982 375 4046 llec
390 3989 445 4046 tua
460 3985 655 4048 beneficentia
673 3990 762 4050 terris
777 3992 982 4050 tantummodo
996 3992 1186 4065 terminatur,
1202 3991 1272 4066 quin
1286 3991 1313 4049 in
1323 3991 1438 4051 caelum
1449 3989 1542 4050 etiam

317 4080 405 4155 apat
418 4078 537 4153 inserit,
553 4079 604 4155 qui
620 4080 689 4141 divo
713 4081 871 4158 ianuario,
902 4088 1005 4144 nostro
1020 4084 1168 4163 majorum
1182 4084 1314 4160 gentium
1337 4083 1461 4161 lndigeli
1476 4081 1541 4143 uni-

318 4186 419 4232 versae
442 4173 648 4252 Hispaniensis
674 4176 860 4239 Monarchiae
886 4182 1012 4242 tutelam
1036 4182 1186 4257 permittis
1200 4196 1234 4242 ac
1250 4182 1468 4258 patrocinium:
1484 4184 1540 4257 et,

316 4269 386 4329 mira
399 4288 501 4331 rerum
512 4273 718 4349 conversione,
728 4276 862 4339 beneficii
875 4279 1075 4354 collationem,
1091 4279 1196 4356 inopis
1210 4278 1448 4356 implorationem
1462 4296 1540 4341 com·

318 4370 427 4430 mutas.
439 4369 569 4431 stanin
581 4388 658 4448 quoe
672 4376 724 4432 tua
735 4374 902 4453 benignitas
927 4392 984 4436 noa
997 4375 1100 4435 linitur
1112 4379 1190 4453 loco,
1200 4394 1235 4438 ea
1248 4395 1303 4438 nec
1316 4382 1450 4456 tempore
1461 4393 1543 4438 coer·

316 4468 426 4526 cetur:
442 4466 495 4541 qui
511 4469 617 4529 noxios
630 4472 785 4534 criminum
802 4474 866 4535 labe
884 4476 1007 4547 lustras,
1023 4478 1053 4533 ct
1069 4473 1255 4536 innocentiae
1281 4476 1437 4537 restituis:
1453 4476 1543 4536 obae-

318 4557 389 4616 ratis
403 4555 540 4619 soivendi
556 4560 633 4621 diem
647 4563 783 4641 amplias,
797 4570 830 4625 et
845 4582 949 4625 eorum
966 4567 1100 4642 integras
1114 4565 1200 4628 fidem
1215 4586 1223 4629 :
1237 4573 1341 4628 cuncta
1353 4585 1441 4645 egum
1452 4568 1543 4629 bene·

315 4647 375 4710 licia
390 4665 408 4709 a
424 4649 634 4715 decessoribus
641 4657 747 4716 collata
757 4659 883 4736 regibus
898 4659 1084 4719 sanctissime
1103 4665 1166 4719 rata
1174 4660 1285 4738 jubes:
1306 4666 1337 4721 et
1351 4661 1488 4722 universa
1505 4663 1544 4724 ab

315 4746 368 4808 troc
382 4763 480 4826 regno
495 4751 660 4813 constituto
675 4755 801 4816 aliorum
818 4757 976 4820 benefacta
995 4762 1027 4817 ln
1045 4774 1102 4817 una
1118 4759 1297 4823 liberalitate
1312 4758 1487 4837 complexus
1498 4777 1543 4823 es.

315 4835 419 4916 ltaque
431 4840 462 4901 ia
477 4857 531 4902 nos
547 4844 608 4905 tais
622 4846 773 4909 beneticiis
786 4850 965 4912 exornandis
981 4850 1074 4929 ipsam
1090 4849 1173 4930 regni
1188 4849 1385 4930 majestatem,
1400 4851 1425 4911 si
1441 4852 1485 4915 las
1497 4859 1545 4915 ost
