3942 5592
428 505 468 564 id

547 601 586 664 Et
599 603 698 664 docuit
708 616 902 681 umqaumpue
915 598 1007 677 loqui,
1022 601 1133 675 nitique
1147 593 1297 656 calerno.

545 704 690 766 Successit
703 704 784 761 octus
798 698 844 760 liis
857 696 1016 775 comoedia,
1030 713 1091 755 moa
1100 699 1163 756 stuc
1175 693 1268 754 multu

542 796 660 874 loudc3
675 797 728 858 secl
739 799 773 854 iu
783 796 886 854 uitium
897 790 1017 855 libertas
1031 790 1157 864 acilii,
1172 792 1268 849 uoim

546 891 672 970 Dc'pnam
686 891 748 968 lepe
761 889 834 967 cepi:
850 887 902 948 lea
916 892 958 951 est
971 892 1107 970 accepta;
1122 885 1287 962 eamusque

550 992 683 1069 Turpiter
697 988 828 1061 obticuit,
844 985 958 1048 sublato
970 989 1034 1045 ture
1047 985 1183 1044 aocmdi.

543 1088 598 1149 Nil
608 1090 779 1149 intentatum
789 1086 882 1144 nostri
893 1080 1007 1157 liquere
1014 1083 1140 1156 poetae.-

546 1186 609 1246 Nec
620 1188 768 1244 minimum
779 1195 910 1239 meruere
923 1179 1012 1238 decus
1024 1179 1149 1252 vestuta
1168 1177 1297 1237 Graecae

544 1282 619 1342 Ausi
629 1281 773 1352 deserere,
788 1278 815 1333 et
825 1273 969 1333 celebrare
982 1275 1139 1335 domestico
1151 1271 1249 1349 facto,
1355 1274 1357 1278 “

546 1371 597 1432 Vel
609 1374 660 1446 qui
667 1361 853 1444 praetentas,
863 1363 910 1424 nel
921 1371 973 1440 qut
987 1366 1111 1426 domare
1122 1368 1247 1442 topatus.

543 1464 605 1524 Nec
617 1463 724 1521 uirtute
737 1455 817 1533 soret
830 1455 952 1516 ctam'soe
961 1453 1108 1532 potentius
1122 1458 1225 1531 acutis,

542 1553 635 1627 Quam
648 1551 762 1628 liupua,
778 1544 906 1621 Latium,
922 1554 950 1608 si
959 1564 1019 1608 aaa
1033 1547 1191 1627 offenderet
1203 1563 1307 1609 unum·

543 1663 685 1724 quemque
694 1648 848 1723 poetarum
863 1641 951 1703 limae
965 1641 1049 1702 labor
1061 1650 1089 1701 et
1101 1643 1194 1702 mora.
1217 1644 1282 1719 Vos,
1296 1660 1313 1701 o

543 1736 707 1815 Paupertas
721 1737 853 1811 sauputs,
871 1749 988 1792 carmen
1000 1730 1212 1811 reprehendite,
1227 1733 1309 1808 quod
1319 1749 1377 1792 ame

529 1833 644 1908 ¹Multa
659 1836 722 1894 dies
735 1836 763 1891 ct
775 1829 868 1890 maula
881 1829 973 1889 litura
983 1832 1121 1906 coercuit,
1135 1833 1224 1904 atque

545 1924 707 2003 Perfectum
719 1924 816 1984 decies
829 1936 888 1983 uou
902 1923 1056 2000 castigavit
1066 1921 1108 1981 acl
1116 1936 1251 1999 umquem

583 2021 735 2098 Immotum
743 2023 852 2081 misera
866 2024 938 2094 qula
951 2014 1133 2093 fortunatius
1147 2022 1210 2079 uu
1540 2020 1599 2078 tutti

420 2157 484 2208 280.
500 2153 539 2206 Et
552 2146 654 2203 doc-uit
666 2159 862 2216 mapa-umque
875 2141 972 2215 loqui)
988 2142 1018 2199 ld
1031 2141 1103 2198 baud
1116 2157 1179 2199 vere
1201 2140 1267 2198 dicit
1285 2141 1409 2197 Horatius
1421 2160 1429 2211 3
1451 2156 1512 2196 nam
1532 2157 1596 2195 ma-

384 2253 470 2310 gnum
484 2233 557 2305 loqui
572 2233 624 2287 iam
639 2237 699 2287 ante
714 2230 844 2286 docuerat
856 2230 999 2284 Homerus.

427 2326 492 2379 282.
507 2316 618 2390 Laude)
633 2318 700 2382 Quia
713 2313 832 2371 famosos
848 2315 970 2370 homines
984 2313 1093 2384 publica
1106 2313 1311 2384 reprehensione
1325 2312 1420 2385 dignos
1433 2310 1529 2369 tabulis
1543 2322 1598 2370 tra·

391 2413 518 2483 ducebat,
533 2416 564 2467 ut
577 2424 608 2464 eo
623 2415 697 2464 metu
709 2407 824 2462 civitatis
838 2421 965 2476 proceras
980 2412 1051 2461 artes
1064 2405 1225 2462 excolerent.

425 2505 464 2560 lb.
479 2509 514 2561 Iu
526 2503 632 2558 uilium
644 2497 765 2555 libertus
779 2496 908 2567 eccidit)
923 2499 957 2556 Ut
969 2497 1095 2567 perderet
1107 2497 1179 2552 viros
1193 2496 1307 2568 optimos
1321 2516 1329 2569 3
1349 2497 1390 2553 uti
1404 2497 1599 2569 Aristophanes

388 2588 571 2648 Nebulonem
584 2584 673 2643 tabula
686 2584 801 2656 perdidit
815 2582 1017 2640 sanctissimum
1030 2583 1179 2639 Socratem.

422 2681 490 2735 383.
508 2676 675 2745 Clususque
690 2702 702 2714 ·
719 2675 855 2746 Turpiter
867 2670 1007 2740 obticuit)
1020 2671 1087 2736 Quia
1099 2671 1208 2742 antiqua
1220 2669 1357 2727 comoedia
1370 2677 1528 2744 arginmenta
1542 2672 1589 2728 sisi

382 2767 506 2824 sumebat
523 2771 671 2822 summates
684 2763 767 2837 viros,
783 2763 829 2836 qui
843 2763 870 2818 in
884 2777 929 2817 ore
942 2762 1014 2818 omni
1025 2761 1125 2833 populo
1135 2768 1219 2818 erant.
1232 2763 1265 2818 tt
1274 2761 1411 2817 comoedia
1421 2777 1500 2832 nova,
1512 2762 1592 2818 cuites

380 2854 507 2925 princeps
520 2850 661 2909 Menander
674 2849 806 2923 babetur,
822 2851 950 2921 privatas
962 2864 1093 2920 personas
1106 2849 1191 2923 fingit.
1211 2849 1299 2917 Quare
1316 2849 1350 2906 ad
1365 2849 1430 2907 illud
1443 2850 1557 2907 Simonis
1571 2851 1597 2905 in

382 2938 508 2999 Andria.

797 3021 881 3074 Meum
894 3031 991 3089 gnatum
1003 3039 1082 3074 rumor
1094 3031 1131 3074 est
1142 3039 1230 3084 annue,
1299 3074 1303 3083 ,

385 3146 476 3202 Davus
489 3144 604 3200 mutiens
619 3138 725 3196 subdit:

792 3240 820 3294 id
833 3241 933 3311 populus
945 3251 1015 3319 carni
1026 3242 1123 3295 scilicet.

421 3375 486 3429 288.
502 3365 684 3441 praetentas)
698 3370 772 3436 Quae
786 3370 983 3441 respondebant
997 3371 1162 3426 Graecorum
1173 3371 1330 3444 tragoediis:
1346 3371 1416 3427 iniis
1427 3387 1521 3443 nempe
1531 3389 1593 3444 per·

386 3477 466 3518 sonae
479 3460 591 3532 nobiles,
604 3476 674 3534 quae
688 3467 840 3531 praetextas
854 3462 993 3535 gerebant,
1009 3462 1212 3519 inducebantur.

422 3548 461 3604 lb.
477 3548 612 3621 Tepulae)
626 3549 699 3614 Quae
718 3563 833 3621 graecae
852 3548 1006 3604 comoedias
1023 3546 1190 3604 relerebnnt:
1211 3554 1273 3622 toga
1290 3550 1360 3605 enim
1378 3549 1488 3606 Romani
1510 3549 1591 3622 vulgo

386 3638 549 3707 utebantur,
571 3654 655 3711 quare
666 3653 731 3710 geas
745 3644 837 3711 togata
849 3659 857 3712 3
871 3641 911 3694 uti
925 3639 1032 3711 palliata
1045 3655 1061 3696 a
1074 3639 1177 3712 palliis,
1191 3655 1260 3712 quae
1273 3640 1410 3713 gerebant,
1424 3640 1589 3697 Graecorum

380 3729 451 3786 natio
468 3730 540 3786 dicta
553 3738 604 3786 est.

424 3826 489 3880 291.
504 3822 603 3890 Mora)
618 3821 773 3893 Fastidium,
788 3829 820 3878 ut
829 3822 854 3877 in
868 3823 1039 3880 emendandis
1051 3824 1181 3895 poematis
1192 3825 1301 3893 morosi,
1321 3824 1451 3883 fastidiosi
1465 3830 1567 3880 essem.

418 3912 484 3968 294.
493 3912 604 3983 Decies)
613 3909 641 3966 ld
652 3908 739 3980 ipsum
749 3909 882 3979 posterius
893 3909 967 3982 dicit,
976 3917 1006 3965 ut
1013 3918 1136 3981 poemata
1143 3927 1252 3967 nouum
1262 3917 1418 3982 premantur
1427 3915 1457 3967 iu
1466 3926 1589 3967 aunum.

673 4049 718 4096 ΙΙο
729 4047 891 4097 inanitati·
901 4049 1044 4109 poenae
1057 4049 1290 4100 tununensis.

416 4166 482 4219 295.
497 4163 650 4230 luceolum
662 4163 775 4217 melsera
828 4158 1019 4233 sortieuatlus
1032 4163 1104 4233 arte)
1119 4164 1148 4219 ln
1161 4166 1232 4221 omni
1244 4165 1369 4221 facultate
1382 4164 1408 4222 id
1422 4181 1519 4223 verum
1534 4171 1587 4237 est,

381 4251 429 4307 sed
443 4253 468 4308 in
484 4252 588 4322 poetica
602 4253 722 4308 omnium
735 4253 868 4309 maxime:
883 4268 945 4309 nam
958 4253 984 4308 in
997 4257 1092 4325 quavis
1106 4253 1232 4314 facultate
1250 4264 1362 4315 natissae
1382 4258 1478 4314 vinnm
1498 4261 1590 4320 labore

375 4337 499 4409 improbo
514 4338 569 4393 sive
579 4338 709 4395 obstinato
720 4338 906 4412 suppleveris:
922 4340 996 4412 qinod
1007 4340 1031 4395 in
1044 4341 1149 4412 poetica
1160 4343 1263 4397 omnino
1274 4348 1399 4413 negatur.
1411 4345 1488 4401 Ratio
1499 4352 1592 4404 autem

383 4427 441 4481 eius
455 4432 506 4495 est,
521 4425 583 4496 quia
598 4426 685 4495 poesis
699 4427 755 4482 sola
767 4435 864 4483 natura
876 4427 983 4500 extitit3
1006 4444 1069 4484 cum
1083 4436 1144 4484 ante
1157 4429 1258 4499 poesim
1275 4428 1363 4484 nullae
1381 4436 1452 4485 artes
1469 4432 1593 4491 inventae

379 4523 480 4587 essent,
496 4515 603 4588 quando
618 4533 711 4573 omues
726 4524 797 4574 artes
809 4534 843 4573 ex
855 4519 928 4589 poesi
940 4524 1018 4575 natae
1033 4525 1107 4589 sunt,
1122 4526 1153 4576 ut
1164 4521 1190 4575 in
1204 4525 1302 4576 Novae
1313 4523 1460 4578 Setemtoe
1473 4526 1593 4580 Princi-

374 4604 438 4673 piis
452 4602 662 4658 demonstratur.
680 4603 767 4668 Quare
781 4603 913 4661 Homerus
924 4613 984 4662 ante
999 4622 1092 4674 omnes
1105 4605 1291 4676 philosophos,
1301 4614 1426 4679 artesque
1435 4610 1554 4679 poeticas
1564 4618 1591 4666 et

275 4744 280 4751 .
376 4694 497 4761 cribcas,
514 4706 636 4747 summus
650 4697 790 4761 poctarum
810 4696 888 4758 poeta
898 4692 985 4747 extitit
998 4711 1006 4764 3
1021 4708 1103 4763 quem
1117 4691 1230 4763 posteris
1245 4693 1320 4764 seqiri
1332 4695 1436 4768 datum,
1449 4696 1590 4765 aemulari,

376 4777 474 4831 aedium
489 4791 618 4845 superare
630 4782 758 4848 negatum
771 4781 819 4830 est.
