<?xml version="1.0" encoding="UTF-8"?>
<!DOCTYPE html PUBLIC "-//W3C//DTD XHTML 1.0 Transitional//EN"
    "http://www.w3.org/TR/xhtml1/DTD/xhtml1-transitional.dtd">
<html xmlns="http://www.w3.org/1999/xhtml" xml:lang="en" lang="en">
 <head>
  <title>
</title>
<meta http-equiv="Content-Type" content="text/html;charset=utf-8" />
  <meta name='ocr-system' content='tesseract 3.04.00' />
  <meta name='ocr-capabilities' content='ocr_page ocr_carea ocr_par ocr_line ocrx_word'/>
</head>
<body>
  <div class='ocr_page' id='page_1' title='image "./operedigiambatt01ferrgoog_0199.png"; bbox 0 0 3942 5592; ppageno 0'>
   <div class='ocr_carea' id='block_1_1' title="bbox 501 440 558 501">
    <p class='ocr_par' dir='ltr' id='par_1_1' title="bbox 501 440 558 501">
     <span class='ocr_line' id='line_1_1' title="bbox 501 440 558 501; baseline 0.018 -1"><span class='ocrx_word' id='word_1_1' title='bbox 501 440 558 501; x_wconf 67' lang='lat'><strong><em>{84</em></strong></span> 
     </span>
    </p>
   </div>
   <div class='ocr_carea' id='block_1_2' title="bbox 411 547 1673 1467">
    <p class='ocr_par' dir='ltr' id='par_1_2' title="bbox 411 547 1673 1467">
     <span class='ocr_line' id='line_1_2' title="bbox 448 547 1672 632; baseline 0.004 -20"><span class='ocrx_word' id='word_1_2' title='bbox 448 551 583 629; x_wconf 73' lang='lat' dir='ltr'><strong><em>s&#39;urorcm</em></strong></span> <span class='ocrx_word' id='word_1_3' title='bbox 595 554 689 615; x_wconf 84' lang='lat' dir='ltr'><strong><em>indici</em></strong></span> <span class='ocrx_word' id='word_1_4' title='bbox 702 553 887 612; x_wconf 74' lang='lat' dir='ltr'><strong><em>minitentur.</em></strong></span> <span class='ocrx_word' id='word_1_5' title='bbox 911 547 980 612; x_wconf 80' lang='lat' dir='ltr'><strong><em>lIem</em></strong></span> <span class='ocrx_word' id='word_1_6' title='bbox 993 552 1123 610; x_wconf 81' lang='lat' dir='ltr'><strong><em>maclou</em></strong></span> <span class='ocrx_word' id='word_1_7' title='bbox 1137 547 1246 612; x_wconf 87' lang='lat' dir='ltr'><strong><em>celebre</em></strong></span> <span class='ocrx_word' id='word_1_8' title='bbox 1256 555 1333 614; x_wconf 88' lang='lat' dir='ltr'><strong><em>inter</em></strong></span> <span class='ocrx_word' id='word_1_9' title='bbox 1347 558 1422 614; x_wconf 83' lang='lat' dir='ltr'><strong><em>rmac</em></strong></span> <span class='ocrx_word' id='word_1_10' title='bbox 1429 552 1530 632; x_wconf 88' lang='lat' dir='ltr'><strong><em>plebis</em></strong></span> <span class='ocrx_word' id='word_1_11' title='bbox 1542 552 1672 617; x_wconf 81' lang='lat' dir='ltr'><strong><em>tornines</em></strong></span> 
     </span>
     <span class='ocr_line' id='line_1_3' title="bbox 449 639 1671 724; baseline 0.002 -20"><span class='ocrx_word' id='word_1_12' title='bbox 449 645 572 721; x_wconf 86' lang='lat' dir='ltr'><strong><em>dictum,</em></strong></span> <span class='ocrx_word' id='word_1_13' title='bbox 584 642 664 724; x_wconf 82' lang='lat' dir='ltr'><strong><em>quod</em></strong></span> <span class='ocrx_word' id='word_1_14' title='bbox 673 642 812 720; x_wconf 68' lang='lat' dir='ltr'><strong><em>futurum</em></strong></span> <span class='ocrx_word' id='word_1_15' title='bbox 825 643 933 700; x_wconf 86' lang='lat' dir='ltr'><strong><em>motum</em></strong></span> <span class='ocrx_word' id='word_1_16' title='bbox 942 640 1133 720; x_wconf 69' lang='lat' dir='ltr'><strong><em>sipmficabd.</em></strong></span> <span class='ocrx_word' id='word_1_17' title='bbox 1146 639 1185 701; x_wconf 89' lang='lat' dir='ltr'><strong><em>Id</em></strong></span> <span class='ocrx_word' id='word_1_18' title='bbox 1195 645 1272 703; x_wconf 88' lang='lat' dir='ltr'><strong><em>enim</em></strong></span> <span class='ocrx_word' id='word_1_19' title='bbox 1281 646 1346 703; x_wconf 90' lang='lat' dir='ltr'><strong><em>crat</em></strong></span> <span class='ocrx_word' id='word_1_20' title='bbox 1359 646 1520 709; x_wconf 85' lang='lat' dir='ltr'><strong><em>castrensis</em></strong></span> <span class='ocrx_word' id='word_1_21' title='bbox 1528 663 1591 709; x_wconf 78' lang='lat' dir='ltr'><strong><em>nou</em></strong></span> <span class='ocrx_word' id='word_1_22' title='bbox 1601 645 1671 706; x_wconf 85' lang='lat' dir='ltr'><strong><em>Ger·</em></strong></span> 
     </span>
     <span class='ocr_line' id='line_1_4' title="bbox 449 733 1669 816; baseline 0.001 -19"><span class='ocrx_word' id='word_1_23' title='bbox 449 754 603 800; x_wconf 90' lang='lat' dir='ltr'><strong><em>manorum</em></strong></span> <span class='ocrx_word' id='word_1_24' title='bbox 612 745 671 799; x_wconf 85' lang='lat' dir='ltr'><strong><em>nim</em></strong></span> <span class='ocrx_word' id='word_1_25' title='bbox 681 742 708 797; x_wconf 92' lang='lat' dir='ltr'><strong><em>et</em></strong></span> <span class='ocrx_word' id='word_1_26' title='bbox 718 753 802 797; x_wconf 87' lang='lat' dir='ltr'><strong><em>armo</em></strong></span> <span class='ocrx_word' id='word_1_27' title='bbox 815 733 1015 816; x_wconf 78' lang='lat' dir='ltr'><strong><em>inserentium,</em></strong></span> <span class='ocrx_word' id='word_1_28' title='bbox 1026 751 1131 814; x_wconf 74' lang='lat' dir='ltr'><strong><em>placa</em></strong></span> <span class='ocrx_word' id='word_1_29' title='bbox 1144 735 1243 795; x_wconf 89' lang='lat' dir='ltr'><strong><em>Caroli</em></strong></span> <span class='ocrx_word' id='word_1_30' title='bbox 1252 740 1342 797; x_wconf 83' lang='lat' dir='ltr'><strong><em>morte</em></strong></span> <span class='ocrx_word' id='word_1_31' title='bbox 1355 742 1388 797; x_wconf 88' lang='lat' dir='ltr'><strong><em>in</em></strong></span> <span class='ocrx_word' id='word_1_32' title='bbox 1402 737 1504 799; x_wconf 86' lang='lat' dir='ltr'><strong><em>urbem</em></strong></span> <span class='ocrx_word' id='word_1_33' title='bbox 1517 739 1617 808; x_wconf 85' lang='lat' dir='ltr'><strong><em>illata,</em></strong></span> <span class='ocrx_word' id='word_1_34' title='bbox 1629 743 1669 816; x_wconf 88' lang='lat' dir='ltr'><strong><em>et,</em></strong></span> 
     </span>
     <span class='ocr_line' id='line_1_5' title="bbox 449 826 1672 909; baseline 0.001 -20"><span class='ocrx_word' id='word_1_35' title='bbox 449 835 494 890; x_wconf 87' lang='lat' dir='ltr'><strong><em>uti</em></strong></span> <span class='ocrx_word' id='word_1_36' title='bbox 503 828 550 906; x_wconf 77' lang='lat' dir='ltr'><strong><em>fit,</em></strong></span> <span class='ocrx_word' id='word_1_37' title='bbox 565 832 747 906; x_wconf 85' lang='lat' dir='ltr'><strong><em>corruptela</em></strong></span> <span class='ocrx_word' id='word_1_38' title='bbox 760 826 882 905; x_wconf 81' lang='lat' dir='ltr'><strong><em>culpare</em></strong></span> <span class='ocrx_word' id='word_1_39' title='bbox 893 826 967 886; x_wconf 87' lang='lat' dir='ltr'><strong><em>abiit</em></strong></span> <span class='ocrx_word' id='word_1_40' title='bbox 981 840 1117 887; x_wconf 86' lang='lat' dir='ltr'><strong><em>scomma</em></strong></span> <span class='ocrx_word' id='word_1_41' title='bbox 1124 845 1139 909; x_wconf 64' lang='lat' dir='ltr'><strong><em>j,</em></strong></span> <span class='ocrx_word' id='word_1_42' title='bbox 1153 829 1204 885; x_wconf 89' lang='lat' dir='ltr'><strong><em>cui</em></strong></span> <span class='ocrx_word' id='word_1_43' title='bbox 1223 841 1294 886; x_wconf 76' lang='lat' dir='ltr'><strong><em>mose</em></strong></span> <span class='ocrx_word' id='word_1_44' title='bbox 1308 827 1387 888; x_wconf 89' lang='lat' dir='ltr'><strong><em>illud</em></strong></span> <span class='ocrx_word' id='word_1_45' title='bbox 1397 827 1602 891; x_wconf 70' lang='lat' dir='ltr'><strong><em>subnectebant</em></strong></span> <span class='ocrx_word' id='word_1_46' title='bbox 1615 837 1672 892; x_wconf 86' lang='lat' dir='ltr'><strong><em>sci·</em></strong></span> 
     </span>
     <span class='ocr_line' id='line_1_6' title="bbox 411 915 1673 1000; baseline 0 -18"><span class='ocrx_word' id='word_1_47' title='bbox 411 917 413 920; x_wconf 74' lang='grc'><strong>’</strong></span> <span class='ocrx_word' id='word_1_48' title='bbox 449 926 648 996; x_wconf 66' lang='lat' dir='ltr'><strong><em>scilentium</em></strong></span> <span class='ocrx_word' id='word_1_49' title='bbox 661 923 792 997; x_wconf 82' lang='lat' dir='ltr'><strong><em>sequenti</em></strong></span> <span class='ocrx_word' id='word_1_50' title='bbox 806 919 855 978; x_wconf 87' lang='lat' dir='ltr'><strong><em>die</em></strong></span> <span class='ocrx_word' id='word_1_51' title='bbox 861 916 915 997; x_wconf 83' lang='lat' dir='ltr'><strong><em>jus</em></strong></span> <span class='ocrx_word' id='word_1_52' title='bbox 929 916 1097 976; x_wconf 85' lang='lat' dir='ltr'><strong><em>diceretur?</em></strong></span> <span class='ocrx_word' id='word_1_53' title='bbox 1111 915 1191 991; x_wconf 83' lang='lat' dir='ltr'><strong><em>quod</em></strong></span> <span class='ocrx_word' id='word_1_54' title='bbox 1203 916 1361 978; x_wconf 81' lang='lat' dir='ltr'><strong><em>vernacula</em></strong></span> <span class='ocrx_word' id='word_1_55' title='bbox 1373 936 1443 980; x_wconf 84' lang='lat' dir='ltr'><strong><em>carc</em></strong></span> <span class='ocrx_word' id='word_1_56' title='bbox 1452 920 1603 1000; x_wconf 88' lang='lat' dir='ltr'><strong><em>prolatum</em></strong></span> <span class='ocrx_word' id='word_1_57' title='bbox 1617 939 1673 981; x_wconf 85' lang='lat' dir='ltr'><strong><em>an·</em></strong></span> 
     </span>
     <span class='ocr_line' id='line_1_7' title="bbox 451 1009 1670 1094; baseline 0.004 -22"><span class='ocrx_word' id='word_1_58' title='bbox 451 1032 517 1091; x_wconf 85' lang='lat' dir='ltr'><strong><em>ceps</em></strong></span> <span class='ocrx_word' id='word_1_59' title='bbox 527 1013 663 1092; x_wconf 79' lang='lat' dir='ltr'><strong><em>efficiebat</em></strong></span> <span class='ocrx_word' id='word_1_60' title='bbox 677 1016 787 1074; x_wconf 89' lang='lat' dir='ltr'><strong><em>dictum</em></strong></span> <span class='ocrx_word' id='word_1_61' title='bbox 798 1031 838 1073; x_wconf 89' lang='lat' dir='ltr'><strong><em>au</em></strong></span> <span class='ocrx_word' id='word_1_62' title='bbox 845 1013 864 1094; x_wconf 88' lang='lat' dir='ltr'><strong><em>j</em></strong></span> <span class='ocrx_word' id='word_1_63' title='bbox 867 1029 900 1073; x_wconf 88' lang='lat' dir='ltr'><strong><em>us</em></strong></span> <span class='ocrx_word' id='word_1_64' title='bbox 908 1009 1129 1090; x_wconf 69' lang='lat' dir='ltr'><strong><em>postulantibus</em></strong></span> <span class='ocrx_word' id='word_1_65' title='bbox 1138 1011 1305 1071; x_wconf 80' lang='lat' dir='ltr'><strong><em>diceretur?</em></strong></span> <span class='ocrx_word' id='word_1_66' title='bbox 1321 1015 1347 1071; x_wconf 91' lang='lat' dir='ltr'><strong><em>ct</em></strong></span> <span class='ocrx_word' id='word_1_67' title='bbox 1361 1030 1401 1073; x_wconf 90' lang='lat' dir='ltr'><strong><em>an</em></strong></span> <span class='ocrx_word' id='word_1_68' title='bbox 1411 1013 1573 1076; x_wconf 86' lang='lat' dir='ltr'><strong><em>tribunatio</em></strong></span> <span class='ocrx_word' id='word_1_69' title='bbox 1580 1033 1670 1093; x_wconf 89' lang='lat' dir='ltr'><strong><em>pror·</em></strong></span> 
     </span>
     <span class='ocr_line' id='line_1_8' title="bbox 451 1105 1666 1185; baseline 0.002 -15"><span class='ocrx_word' id='word_1_70' title='bbox 451 1127 501 1170; x_wconf 88' lang='lat' dir='ltr'><strong><em>sus</em></strong></span> <span class='ocrx_word' id='word_1_71' title='bbox 513 1111 653 1169; x_wconf 82' lang='lat' dir='ltr'><strong><em>starent?</em></strong></span> <span class='ocrx_word' id='word_1_72' title='bbox 671 1108 750 1169; x_wconf 87' lang='lat' dir='ltr'><strong><em>llaec</em></strong></span> <span class='ocrx_word' id='word_1_73' title='bbox 773 1114 888 1170; x_wconf 84' lang='lat' dir='ltr'><strong><em>eventus</em></strong></span> <span class='ocrx_word' id='word_1_74' title='bbox 900 1105 1061 1183; x_wconf 79' lang='lat' dir='ltr'><strong><em>cuplimcit3</em></strong></span> <span class='ocrx_word' id='word_1_75' title='bbox 1075 1110 1136 1167; x_wconf 85' lang='lat' dir='ltr'><strong><em>nisi</em></strong></span> <span class='ocrx_word' id='word_1_76' title='bbox 1157 1110 1251 1167; x_wconf 84' lang='lat' dir='ltr'><strong><em>nirata</em></strong></span> <span class='ocrx_word' id='word_1_77' title='bbox 1264 1105 1412 1167; x_wconf 80' lang='lat' dir='ltr'><strong><em>bonnnum</em></strong></span> <span class='ocrx_word' id='word_1_78' title='bbox 1433 1113 1472 1171; x_wconf 87' lang='lat' dir='ltr'><strong><em>sil</em></strong></span> <span class='ocrx_word' id='word_1_79' title='bbox 1495 1114 1666 1185; x_wconf 87' lang='lat' dir='ltr'><strong><em>curiositas,</em></strong></span> 
     </span>
     <span class='ocr_line' id='line_1_9' title="bbox 451 1195 1671 1279; baseline -0.002 -19"><span class='ocrx_word' id='word_1_80' title='bbox 451 1201 532 1277; x_wconf 81' lang='lat' dir='ltr'><strong><em>qnod</em></strong></span> <span class='ocrx_word' id='word_1_81' title='bbox 549 1199 692 1279; x_wconf 85' lang='lat' dir='ltr'><strong><em>cujusque</em></strong></span> <span class='ocrx_word' id='word_1_82' title='bbox 704 1197 799 1276; x_wconf 79' lang='lat' dir='ltr'><strong><em>effecti</em></strong></span> <span class='ocrx_word' id='word_1_83' title='bbox 817 1211 951 1259; x_wconf 84' lang='lat' dir='ltr'><strong><em>caussam</em></strong></span> <span class='ocrx_word' id='word_1_84' title='bbox 973 1199 1125 1274; x_wconf 85' lang='lat' dir='ltr'><strong><em>quaerant,</em></strong></span> <span class='ocrx_word' id='word_1_85' title='bbox 1140 1195 1188 1255; x_wconf 85' lang='lat' dir='ltr'><strong><em>ccl</em></strong></span> <span class='ocrx_word' id='word_1_86' title='bbox 1206 1195 1391 1258; x_wconf 84' lang='lat' dir='ltr'><strong><em>imbecillitas</em></strong></span> <span class='ocrx_word' id='word_1_87' title='bbox 1414 1200 1493 1276; x_wconf 84' lang='lat' dir='ltr'><strong><em>qnod</em></strong></span> <span class='ocrx_word' id='word_1_88' title='bbox 1506 1204 1671 1279; x_wconf 77' lang='lat' dir='ltr'><strong><em>arripiant:</em></strong></span> 
     </span>
     <span class='ocr_line' id='line_1_10' title="bbox 449 1287 1672 1368; baseline 0.003 -18"><span class='ocrx_word' id='word_1_89' title='bbox 449 1295 545 1368; x_wconf 84' lang='lat' dir='ltr'><strong><em>mapis</em></strong></span> <span class='ocrx_word' id='word_1_90' title='bbox 556 1292 750 1352; x_wconf 77' lang='lat' dir='ltr'><strong><em>advertendae</em></strong></span> <span class='ocrx_word' id='word_1_91' title='bbox 760 1293 871 1350; x_wconf 87' lang='lat' dir='ltr'><strong><em>atroces</em></strong></span> <span class='ocrx_word' id='word_1_92' title='bbox 875 1306 933 1365; x_wconf 88' lang='lat' dir='ltr'><strong><em>per</em></strong></span> <span class='ocrx_word' id='word_1_93' title='bbox 942 1287 1043 1347; x_wconf 90' lang='lat' dir='ltr'><strong><em>urbem</em></strong></span> <span class='ocrx_word' id='word_1_94' title='bbox 1052 1293 1163 1347; x_wconf 85' lang='lat' dir='ltr'><strong><em>minae:</em></strong></span> <span class='ocrx_word' id='word_1_95' title='bbox 1178 1291 1231 1350; x_wconf 88' lang='lat' dir='ltr'><strong><em>scd</em></strong></span> <span class='ocrx_word' id='word_1_96' title='bbox 1240 1293 1284 1349; x_wconf 83' lang='lat' dir='ltr'><strong><em>rei</em></strong></span> <span class='ocrx_word' id='word_1_97' title='bbox 1297 1293 1400 1367; x_wconf 86' lang='lat' dir='ltr'><strong><em>suapte</em></strong></span> <span class='ocrx_word' id='word_1_98' title='bbox 1412 1296 1528 1368; x_wconf 72' lang='lat' dir='ltr'><strong><em>amenio</em></strong></span> <span class='ocrx_word' id='word_1_99' title='bbox 1539 1293 1672 1354; x_wconf 77' lang='lat' dir='ltr'><strong><em>ocmrltac</em></strong></span> 
     </span>
     <span class='ocr_line' id='line_1_11' title="bbox 449 1381 1667 1467; baseline 0.002 -23"><span class='ocrx_word' id='word_1_100' title='bbox 449 1391 517 1464; x_wconf 85' lang='lat' dir='ltr'><strong><em>ipsa</em></strong></span> <span class='ocrx_word' id='word_1_101' title='bbox 530 1386 679 1448; x_wconf 81' lang='lat' dir='ltr'><strong><em>cctcbm‘tas</em></strong></span> <span class='ocrx_word' id='word_1_102' title='bbox 686 1385 779 1464; x_wconf 77' lang='lat' dir='ltr'><strong><em>ficem</em></strong></span> <span class='ocrx_word' id='word_1_103' title='bbox 792 1384 924 1464; x_wconf 81' lang='lat' dir='ltr'><strong><em>deropat.</em></strong></span> <span class='ocrx_word' id='word_1_104' title='bbox 940 1385 978 1448; x_wconf 80' lang='lat' dir='ltr'><strong><em>Et</em></strong></span> <span class='ocrx_word' id='word_1_105' title='bbox 990 1383 1093 1463; x_wconf 88' lang='lat' dir='ltr'><strong><em>Roma,</em></strong></span> <span class='ocrx_word' id='word_1_106' title='bbox 1113 1381 1237 1444; x_wconf 85' lang='lat' dir='ltr'><strong><em>chliis</em></strong></span> <span class='ocrx_word' id='word_1_107' title='bbox 1250 1390 1278 1444; x_wconf 92' lang='lat' dir='ltr'><strong><em>ct</em></strong></span> <span class='ocrx_word' id='word_1_108' title='bbox 1287 1387 1487 1446; x_wconf 74' lang='lat' dir='ltr'><strong><em>,Inulcrdumo</em></strong></span> <span class='ocrx_word' id='word_1_109' title='bbox 1500 1403 1592 1467; x_wconf 69' lang='lat' dir='ltr'><strong><em>mpure</em></strong></span> <span class='ocrx_word' id='word_1_110' title='bbox 1615 1387 1667 1465; x_wconf 79' lang='lat' dir='ltr'><strong><em>su·</em></strong></span> 
     </span>
    </p>
   </div>
   <div class='ocr_carea' id='block_1_3' title="bbox 354 1479 1664 1563">
    <p class='ocr_par' dir='ltr' id='par_1_3' title="bbox 354 1479 1664 1563">
     <span class='ocr_line' id='line_1_12' title="bbox 354 1479 1664 1563; baseline 0.002 -22"><span class='ocrx_word' id='word_1_111' title='bbox 354 1551 357 1563; x_wconf 36' lang='grc'>.</span> <span class='ocrx_word' id='word_1_112' title='bbox 449 1485 536 1544; x_wconf 88' lang='lat' dir='ltr'><strong><em>uesta</em></strong></span> <span class='ocrx_word' id='word_1_113' title='bbox 546 1489 664 1542; x_wconf 82' lang='lat' dir='ltr'><strong><em>aurula.</em></strong></span> <span class='ocrx_word' id='word_1_114' title='bbox 680 1484 718 1542; x_wconf 86' lang='lat' dir='ltr'><strong><em>At</em></strong></span> <span class='ocrx_word' id='word_1_115' title='bbox 732 1484 800 1543; x_wconf 89' lang='lat' dir='ltr'><strong><em>inde</em></strong></span> <span class='ocrx_word' id='word_1_116' title='bbox 815 1482 946 1542; x_wconf 82' lang='lat' dir='ltr'><strong><em>locorum</em></strong></span> <span class='ocrx_word' id='word_1_117' title='bbox 968 1482 1137 1541; x_wconf 86' lang='lat' dir='ltr'><strong><em>desiderari</em></strong></span> <span class='ocrx_word' id='word_1_118' title='bbox 1150 1479 1260 1559; x_wconf 79' lang='lat' dir='ltr'><strong><em>Ilcpno,</em></strong></span> <span class='ocrx_word' id='word_1_119' title='bbox 1277 1499 1353 1557; x_wconf 83' lang='lat' dir='ltr'><strong><em>quac</em></strong></span> <span class='ocrx_word' id='word_1_120' title='bbox 1372 1485 1463 1542; x_wconf 89' lang='lat' dir='ltr'><strong><em>metui</em></strong></span> <span class='ocrx_word' id='word_1_121' title='bbox 1476 1481 1664 1543; x_wconf 84' lang='lat' dir='ltr'><strong><em>uidebantur.</em></strong></span> 
     </span>
    </p>
   </div>
   <div class='ocr_carea' id='block_1_4' title="bbox 450 1574 1681 4730">
    <p class='ocr_par' dir='ltr' id='par_1_4' title="bbox 450 1574 1681 4730">
     <span class='ocr_line' id='line_1_13' title="bbox 452 1574 1670 1654; baseline -0.004 -14"><span class='ocrx_word' id='word_1_122' title='bbox 452 1579 493 1640; x_wconf 79' lang='lat' dir='ltr'><strong><em>Et</em></strong></span> <span class='ocrx_word' id='word_1_123' title='bbox 511 1577 726 1638; x_wconf 78' lang='lat' dir='ltr'><strong><em>Telesianorum</em></strong></span> <span class='ocrx_word' id='word_1_124' title='bbox 740 1575 839 1638; x_wconf 88' lang='lat' dir='ltr'><strong><em>ducem</em></strong></span> <span class='ocrx_word' id='word_1_125' title='bbox 853 1575 955 1638; x_wconf 79' lang='lat' dir='ltr'><strong><em>Insula</em></strong></span> <span class='ocrx_word' id='word_1_126' title='bbox 968 1577 1129 1636; x_wconf 75' lang='lat' dir='ltr'><strong><em>excessisse</em></strong></span> <span class='ocrx_word' id='word_1_127' title='bbox 1149 1581 1361 1636; x_wconf 74' lang='lat' dir='ltr'><strong><em>renunciatum.</em></strong></span> <span class='ocrx_word' id='word_1_128' title='bbox 1379 1574 1437 1636; x_wconf 86' lang='lat' dir='ltr'><strong><em>Sed</em></strong></span> <span class='ocrx_word' id='word_1_129' title='bbox 1449 1579 1523 1654; x_wconf 84' lang='lat' dir='ltr'><strong><em>quia</em></strong></span> <span class='ocrx_word' id='word_1_130' title='bbox 1535 1577 1571 1636; x_wconf 86' lang='lat' dir='ltr'><strong><em>td</em></strong></span> <span class='ocrx_word' id='word_1_131' title='bbox 1583 1594 1670 1654; x_wconf 85' lang='lat' dir='ltr'><strong><em>saepe</em></strong></span> 
     </span>
     <span class='ocr_line' id='line_1_14' title="bbox 451 1668 1667 1750; baseline 0.001 -19"><span class='ocrx_word' id='word_1_132' title='bbox 451 1675 618 1733; x_wconf 84' lang='lat' dir='ltr'><strong><em>conm&#39;ccnte</em></strong></span> <span class='ocrx_word' id='word_1_133' title='bbox 630 1669 754 1750; x_wconf 80' lang='lat' dir='ltr'><strong><em>Prorcpc</em></strong></span> <span class='ocrx_word' id='word_1_134' title='bbox 765 1671 891 1749; x_wconf 87' lang='lat' dir='ltr'><strong><em>sactum,</em></strong></span> <span class='ocrx_word' id='word_1_135' title='bbox 902 1675 981 1730; x_wconf 82' lang='lat' dir='ltr'><strong><em>tristi</em></strong></span> <span class='ocrx_word' id='word_1_136' title='bbox 990 1668 1173 1749; x_wconf 85' lang='lat' dir='ltr'><strong><em>conjecturae</em></strong></span> <span class='ocrx_word' id='word_1_137' title='bbox 1184 1669 1266 1729; x_wconf 89' lang='lat' dir='ltr'><strong><em>locus</em></strong></span> <span class='ocrx_word' id='word_1_138' title='bbox 1276 1672 1446 1748; x_wconf 78' lang='lat' dir='ltr'><strong><em>adcrnptus3</em></strong></span> <span class='ocrx_word' id='word_1_139' title='bbox 1460 1674 1556 1746; x_wconf 84' lang='lat' dir='ltr'><strong><em>mapis</em></strong></span> <span class='ocrx_word' id='word_1_140' title='bbox 1570 1675 1667 1732; x_wconf 81' lang='lat' dir='ltr'><strong><em>tamen</em></strong></span> 
     </span>
     <span class='ocr_line' id='line_1_15' title="bbox 452 1764 1672 1848; baseline -0.001 -21"><span class='ocrx_word' id='word_1_141' title='bbox 452 1766 600 1848; x_wconf 87' lang='lat' dir='ltr'><strong><em>conjurati</em></strong></span> <span class='ocrx_word' id='word_1_142' title='bbox 620 1765 817 1843; x_wconf 80' lang='lat' dir='ltr'><strong><em>somnidandi,</em></strong></span> <span class='ocrx_word' id='word_1_143' title='bbox 832 1771 892 1845; x_wconf 84' lang='lat' dir='ltr'><strong><em>ipsi</em></strong></span> <span class='ocrx_word' id='word_1_144' title='bbox 911 1764 1085 1842; x_wconf 71' lang='lat' dir='ltr'><strong><em>[mundant.</em></strong></span> <span class='ocrx_word' id='word_1_145' title='bbox 1104 1766 1174 1825; x_wconf 84' lang='lat' dir='ltr'><strong><em>Cum</em></strong></span> <span class='ocrx_word' id='word_1_146' title='bbox 1194 1772 1271 1826; x_wconf 86' lang='lat' dir='ltr'><strong><em>enim</em></strong></span> <span class='ocrx_word' id='word_1_147' title='bbox 1290 1765 1464 1828; x_wconf 85' lang='lat' dir='ltr'><strong><em>tabellarius</em></strong></span> <span class='ocrx_word' id='word_1_148' title='bbox 1488 1765 1672 1826; x_wconf 79' lang='lat' dir='ltr'><strong><em>adductum</em></strong></span> 
     </span>
     <span class='ocr_line' id='line_1_16' title="bbox 451 1855 1674 1936; baseline -0.001 -18"><span class='ocrx_word' id='word_1_149' title='bbox 451 1865 566 1935; x_wconf 80' lang='lat' dir='ltr'><strong><em>rrn‘ssus,</em></strong></span> <span class='ocrx_word' id='word_1_150' title='bbox 581 1862 691 1918; x_wconf 86' lang='lat' dir='ltr'><strong><em>neritus</em></strong></span> <span class='ocrx_word' id='word_1_151' title='bbox 711 1874 748 1918; x_wconf 90' lang='lat' dir='ltr'><strong><em>nc</em></strong></span> <span class='ocrx_word' id='word_1_152' title='bbox 762 1863 795 1917; x_wconf 87' lang='lat' dir='ltr'><strong><em>in</em></strong></span> <span class='ocrx_word' id='word_1_153' title='bbox 808 1863 956 1936; x_wconf 80' lang='lat' dir='ltr'><strong><em>repiocum</em></strong></span> <span class='ocrx_word' id='word_1_154' title='bbox 976 1855 1053 1932; x_wconf 74' lang='lat' dir='ltr'><strong><em>fines</em></strong></span> <span class='ocrx_word' id='word_1_155' title='bbox 1066 1857 1292 1918; x_wconf 74' lang='lat' dir='ltr'><strong><em>custodientium</em></strong></span> <span class='ocrx_word' id='word_1_156' title='bbox 1313 1875 1419 1918; x_wconf 89' lang='lat' dir='ltr'><strong><em>munus</em></strong></span> <span class='ocrx_word' id='word_1_157' title='bbox 1432 1860 1554 1929; x_wconf 84' lang='lat' dir='ltr'><strong><em>ncntrcl,</em></strong></span> <span class='ocrx_word' id='word_1_158' title='bbox 1569 1873 1610 1918; x_wconf 81' lang='lat' dir='ltr'><strong><em>cu</em></strong></span> <span class='ocrx_word' id='word_1_159' title='bbox 1625 1861 1674 1917; x_wconf 80' lang='lat' dir='ltr'><strong><em>iti·</em></strong></span> 
     </span>
     <span class='ocr_line' id='line_1_17' title="bbox 450 1946 1673 2026; baseline -0.001 -16"><span class='ocrx_word' id='word_1_160' title='bbox 450 1967 519 2010; x_wconf 85' lang='lat' dir='ltr'><strong><em>nere</em></strong></span> <span class='ocrx_word' id='word_1_161' title='bbox 532 1967 667 2010; x_wconf 85' lang='lat' dir='ltr'><strong><em>reuersus</em></strong></span> <span class='ocrx_word' id='word_1_162' title='bbox 680 1953 766 2024; x_wconf 88' lang='lat' dir='ltr'><strong><em>essct,</em></strong></span> <span class='ocrx_word' id='word_1_163' title='bbox 776 1955 804 2011; x_wconf 90' lang='lat' dir='ltr'><strong><em>el</em></strong></span> <span class='ocrx_word' id='word_1_164' title='bbox 819 1956 851 2010; x_wconf 88' lang='lat' dir='ltr'><strong><em>ln</em></strong></span> <span class='ocrx_word' id='word_1_165' title='bbox 863 1948 935 2009; x_wconf 91' lang='lat' dir='ltr'><strong><em>urbc</em></strong></span> <span class='ocrx_word' id='word_1_166' title='bbox 943 1965 1001 2025; x_wconf 89' lang='lat' dir='ltr'><strong><em>per</em></strong></span> <span class='ocrx_word' id='word_1_167' title='bbox 1015 1947 1194 2008; x_wconf 84' lang='lat' dir='ltr'><strong><em>Medicaeum</em></strong></span> <span class='ocrx_word' id='word_1_168' title='bbox 1204 1954 1375 2026; x_wconf 78' lang='lat' dir='ltr'><strong><em>cmcquisitio</em></strong></span> <span class='ocrx_word' id='word_1_169' title='bbox 1382 1965 1502 2026; x_wconf 78' lang='lat' dir='ltr'><strong><em>percprc</em></strong></span> <span class='ocrx_word' id='word_1_170' title='bbox 1514 1946 1673 2009; x_wconf 81' lang='lat' dir='ltr'><strong><em>aduenien-</em></strong></span> 
     </span>
     <span class='ocr_line' id='line_1_18' title="bbox 451 2039 1673 2120; baseline 0 -20"><span class='ocrx_word' id='word_1_171' title='bbox 451 2047 525 2102; x_wconf 88' lang='lat' dir='ltr'><strong><em>tium</em></strong></span> <span class='ocrx_word' id='word_1_172' title='bbox 537 2039 633 2117; x_wconf 88' lang='lat' dir='ltr'><strong><em>sacta,</em></strong></span> <span class='ocrx_word' id='word_1_173' title='bbox 648 2039 806 2119; x_wconf 85' lang='lat' dir='ltr'><strong><em>conjurati,</em></strong></span> <span class='ocrx_word' id='word_1_174' title='bbox 821 2056 887 2101; x_wconf 88' lang='lat' dir='ltr'><strong><em>cum</em></strong></span> <span class='ocrx_word' id='word_1_175' title='bbox 895 2057 951 2118; x_wconf 91' lang='lat' dir='ltr'><strong><em>per</em></strong></span> <span class='ocrx_word' id='word_1_176' title='bbox 964 2039 1111 2120; x_wconf 81' lang='lat' dir='ltr'><strong><em>ejusmodi</em></strong></span> <span class='ocrx_word' id='word_1_177' title='bbox 1123 2046 1262 2118; x_wconf 87' lang='lat' dir='ltr'><strong><em>occupato</em></strong></span> <span class='ocrx_word' id='word_1_178' title='bbox 1278 2043 1425 2119; x_wconf 79' lang='lat' dir='ltr'><strong><em>Prorepis,</em></strong></span> <span class='ocrx_word' id='word_1_179' title='bbox 1440 2044 1503 2098; x_wconf 91' lang='lat' dir='ltr'><strong><em>tum</em></strong></span> <span class='ocrx_word' id='word_1_180' title='bbox 1517 2045 1592 2117; x_wconf 72' lang='lat' dir='ltr'><strong><em>qesta</em></strong></span> <span class='ocrx_word' id='word_1_181' title='bbox 1598 2058 1673 2118; x_wconf 85' lang='lat' dir='ltr'><strong><em>pro·</em></strong></span> 
     </span>
     <span class='ocr_line' id='line_1_19' title="bbox 452 2135 1673 2216; baseline 0 -18"><span class='ocrx_word' id='word_1_182' title='bbox 452 2144 542 2199; x_wconf 76' lang='lat' dir='ltr'><strong><em>:cinus</em></strong></span> <span class='ocrx_word' id='word_1_183' title='bbox 566 2137 666 2198; x_wconf 87' lang='lat' dir='ltr'><strong><em>dicbus</em></strong></span> <span class='ocrx_word' id='word_1_184' title='bbox 685 2135 811 2197; x_wconf 87' lang='lat' dir='ltr'><strong><em>Torresli</em></strong></span> <span class='ocrx_word' id='word_1_185' title='bbox 824 2136 1041 2215; x_wconf 73' lang='lat' dir='ltr'><strong><em>conprehensio</em></strong></span> <span class='ocrx_word' id='word_1_186' title='bbox 1062 2141 1185 2216; x_wconf 79' lang='lat' dir='ltr'><strong><em>tentata,</em></strong></span> <span class='ocrx_word' id='word_1_187' title='bbox 1198 2142 1283 2198; x_wconf 85' lang='lat' dir='ltr'><strong><em>veriti</em></strong></span> <span class='ocrx_word' id='word_1_188' title='bbox 1305 2155 1342 2199; x_wconf 90' lang='lat' dir='ltr'><strong><em>ne</em></strong></span> <span class='ocrx_word' id='word_1_189' title='bbox 1365 2139 1479 2198; x_wconf 78' lang='lat' dir='ltr'><strong><em>diutim</em></strong></span> <span class='ocrx_word' id='word_1_190' title='bbox 1494 2141 1673 2214; x_wconf 90' lang='lat' dir='ltr'><strong><em>cunctando,</em></strong></span> 
     </span>
     <span class='ocr_line' id='line_1_20' title="bbox 451 2226 1676 2304; baseline 0.002 -17"><span class='ocrx_word' id='word_1_191' title='bbox 451 2245 527 2291; x_wconf 83' lang='lat' dir='ltr'><strong><em>cusa</em></strong></span> <span class='ocrx_word' id='word_1_192' title='bbox 541 2231 632 2287; x_wconf 88' lang='lat' dir='ltr'><strong><em>irrita</em></strong></span> <span class='ocrx_word' id='word_1_193' title='bbox 646 2227 955 2304; x_wconf 85' lang='lat' dir='ltr'><strong><em>focer·ent,incocptum</em></strong></span> <span class='ocrx_word' id='word_1_194' title='bbox 967 2233 1002 2284; x_wconf 85' lang='lat' dir='ltr'><strong><em>in</em></strong></span> <span class='ocrx_word' id='word_1_195' title='bbox 1015 2227 1130 2288; x_wconf 84' lang='lat' dir='ltr'><strong><em>breuius</em></strong></span> <span class='ocrx_word' id='word_1_196' title='bbox 1144 2226 1331 2303; x_wconf 74' lang='lat' dir='ltr'><strong><em>contrahunt,</em></strong></span> <span class='ocrx_word' id='word_1_197' title='bbox 1344 2233 1372 2286; x_wconf 89' lang='lat' dir='ltr'><strong><em>et</em></strong></span> <span class='ocrx_word' id='word_1_198' title='bbox 1384 2226 1457 2290; x_wconf 83' lang='lat' dir='ltr'>XIII</span> <span class='ocrx_word' id='word_1_199' title='bbox 1470 2230 1530 2289; x_wconf 78' lang='lat' dir='ltr'><strong><em>tal.</em></strong></span> <span class='ocrx_word' id='word_1_200' title='bbox 1548 2229 1676 2290; x_wconf 81' lang='lat' dir='ltr'><strong><em>octobris</em></strong></span> 
     </span>
     <span class='ocr_line' id='line_1_21' title="bbox 451 2318 1677 2399; baseline 0.002 -21"><span class='ocrx_word' id='word_1_201' title='bbox 451 2319 584 2399; x_wconf 86' lang='lat' dir='ltr'><strong><em>effectum</em></strong></span> <span class='ocrx_word' id='word_1_202' title='bbox 598 2319 670 2378; x_wconf 87' lang='lat' dir='ltr'><strong><em>dore</em></strong></span> <span class='ocrx_word' id='word_1_203' title='bbox 685 2321 873 2377; x_wconf 87' lang='lat' dir='ltr'><strong><em>constituunt.</em></strong></span> <span class='ocrx_word' id='word_1_204' title='bbox 891 2318 963 2378; x_wconf 85' lang='lat' dir='ltr'><strong><em>Tum</em></strong></span> <span class='ocrx_word' id='word_1_205' title='bbox 979 2321 1057 2376; x_wconf 88' lang='lat' dir='ltr'><strong><em>cuim</em></strong></span> <span class='ocrx_word' id='word_1_206' title='bbox 1074 2323 1213 2395; x_wconf 87' lang='lat' dir='ltr'><strong><em>temporis</em></strong></span> <span class='ocrx_word' id='word_1_207' title='bbox 1228 2320 1393 2380; x_wconf 85' lang='lat' dir='ltr'><strong><em>octonrlialc</em></strong></span> <span class='ocrx_word' id='word_1_208' title='bbox 1403 2336 1521 2379; x_wconf 83' lang='lat' dir='ltr'><strong><em>sucrum</em></strong></span> <span class='ocrx_word' id='word_1_209' title='bbox 1535 2322 1607 2380; x_wconf 86' lang='lat' dir='ltr'><strong><em>divo</em></strong></span> <span class='ocrx_word' id='word_1_210' title='bbox 1617 2319 1677 2382; x_wconf 75' lang='lat' dir='ltr'><strong><em>la·</em></strong></span> 
     </span>
     <span class='ocr_line' id='line_1_22' title="bbox 451 2409 1676 2493; baseline 0.002 -21"><span class='ocrx_word' id='word_1_211' title='bbox 451 2419 561 2473; x_wconf 79' lang='lat' dir='ltr'><strong><em>ucacru&#39;o</em></strong></span> <span class='ocrx_word' id='word_1_212' title='bbox 573 2417 720 2492; x_wconf 86' lang='lat' dir='ltr'><strong><em>majorum</em></strong></span> <span class='ocrx_word' id='word_1_213' title='bbox 739 2409 868 2487; x_wconf 82' lang='lat' dir='ltr'><strong><em>pentium</em></strong></span> <span class='ocrx_word' id='word_1_214' title='bbox 883 2412 1016 2489; x_wconf 82' lang='lat' dir='ltr'><strong><em>trultpcli</em></strong></span> <span class='ocrx_word' id='word_1_215' title='bbox 1038 2417 1070 2470; x_wconf 89' lang='lat' dir='ltr'><strong><em>ln</em></strong></span> <span class='ocrx_word' id='word_1_216' title='bbox 1084 2413 1153 2473; x_wconf 89' lang='lat' dir='ltr'><strong><em>urbe</em></strong></span> <span class='ocrx_word' id='word_1_217' title='bbox 1167 2414 1377 2490; x_wconf 81' lang='lat' dir='ltr'><strong><em>celebrabatur,</em></strong></span> <span class='ocrx_word' id='word_1_218' title='bbox 1388 2432 1445 2492; x_wconf 85' lang='lat' dir='ltr'><strong><em>per·</em></strong></span> <span class='ocrx_word' id='word_1_219' title='bbox 1468 2414 1551 2491; x_wconf 85' lang='lat' dir='ltr'><strong><em>quod</em></strong></span> <span class='ocrx_word' id='word_1_220' title='bbox 1564 2421 1676 2493; x_wconf 87' lang='lat' dir='ltr'><strong><em>tempus</em></strong></span> 
     </span>
     <span class='ocr_line' id='line_1_23' title="bbox 452 2499 1675 2583; baseline 0.002 -21"><span class='ocrx_word' id='word_1_221' title='bbox 452 2508 625 2562; x_wconf 88' lang='lat' dir='ltr'><strong><em>nocturnum</em></strong></span> <span class='ocrx_word' id='word_1_222' title='bbox 647 2501 846 2579; x_wconf 81' lang='lat' dir='ltr'><strong><em>spectaculum</em></strong></span> <span class='ocrx_word' id='word_1_223' title='bbox 854 2501 968 2579; x_wconf 89' lang='lat' dir='ltr'><strong><em>populo</em></strong></span> <span class='ocrx_word' id='word_1_224' title='bbox 981 2499 1137 2562; x_wconf 78' lang='lat' dir='ltr'><strong><em>ccliibctur</em></strong></span> <span class='ocrx_word' id='word_1_225' title='bbox 1155 2505 1198 2564; x_wconf 92' lang='lat' dir='ltr'><strong><em>ad</em></strong></span> <span class='ocrx_word' id='word_1_226' title='bbox 1205 2503 1392 2582; x_wconf 78' lang='lat' dir='ltr'><strong><em>pyramidem</em></strong></span> <span class='ocrx_word' id='word_1_227' title='bbox 1406 2504 1482 2565; x_wconf 83' lang='lat' dir='ltr'><strong><em>mcc</em></strong></span> <span class='ocrx_word' id='word_1_228' title='bbox 1494 2509 1675 2583; x_wconf 75' lang='lat' dir='ltr'><strong><em>extructam,</em></strong></span> 
     </span>
     <span class='ocr_line' id='line_1_24' title="bbox 452 2596 1677 2680; baseline 0.006 -24"><span class='ocrx_word' id='word_1_229' title='bbox 452 2601 674 2673; x_wconf 82' lang='lat' dir='ltr'><strong><em>institutumque</em></strong></span> <span class='ocrx_word' id='word_1_230' title='bbox 696 2600 730 2655; x_wconf 92' lang='lat' dir='ltr'><strong><em>ut</em></strong></span> <span class='ocrx_word' id='word_1_231' title='bbox 743 2614 776 2655; x_wconf 91' lang='lat' dir='ltr'><strong><em>cc</em></strong></span> <span class='ocrx_word' id='word_1_232' title='bbox 783 2601 884 2674; x_wconf 83' lang='lat' dir='ltr'><strong><em>prima</em></strong></span> <span class='ocrx_word' id='word_1_233' title='bbox 898 2601 980 2656; x_wconf 89' lang='lat' dir='ltr'><strong><em>noctc</em></strong></span> <span class='ocrx_word' id='word_1_234' title='bbox 996 2596 1111 2658; x_wconf 80' lang='lat' dir='ltr'><strong><em>Proreu</em></strong></span> <span class='ocrx_word' id='word_1_235' title='bbox 1123 2602 1151 2658; x_wconf 89' lang='lat' dir='ltr'><strong><em>et</em></strong></span> <span class='ocrx_word' id='word_1_236' title='bbox 1165 2602 1329 2678; x_wconf 70' lang='lat' dir='ltr'><strong><em>Inorcpina</em></strong></span> <span class='ocrx_word' id='word_1_237' title='bbox 1348 2604 1506 2676; x_wconf 86' lang='lat' dir='ltr'><strong><em>spectatum</em></strong></span> <span class='ocrx_word' id='word_1_238' title='bbox 1525 2607 1605 2680; x_wconf 89' lang='lat' dir='ltr'><strong><em>cant,</em></strong></span> <span class='ocrx_word' id='word_1_239' title='bbox 1622 2604 1677 2664; x_wconf 93' lang='lat' dir='ltr'><strong><em>scd</em></strong></span> 
     </span>
     <span class='ocr_line' id='line_1_25' title="bbox 453 2690 1678 2772; baseline 0.005 -19"><span class='ocrx_word' id='word_1_240' title='bbox 453 2711 501 2754; x_wconf 89' lang='lat' dir='ltr'><strong><em>cos</em></strong></span> <span class='ocrx_word' id='word_1_241' title='bbox 520 2693 651 2753; x_wconf 86' lang='lat' dir='ltr'><strong><em>Tiberius</em></strong></span> <span class='ocrx_word' id='word_1_242' title='bbox 668 2690 835 2767; x_wconf 85' lang='lat' dir='ltr'><strong><em>Corofaeus</em></strong></span> <span class='ocrx_word' id='word_1_243' title='bbox 849 2693 886 2752; x_wconf 87' lang='lat' dir='ltr'><strong><em>dc</em></strong></span> <span class='ocrx_word' id='word_1_244' title='bbox 900 2698 1043 2752; x_wconf 72' lang='lat' dir='ltr'><strong><em>semonnia</em></strong></span> <span class='ocrx_word' id='word_1_245' title='bbox 1058 2696 1175 2771; x_wconf 80' lang='lat' dir='ltr'><strong><em>dejecit.</em></strong></span> <span class='ocrx_word' id='word_1_246' title='bbox 1189 2695 1275 2770; x_wconf 86' lang='lat' dir='ltr'><strong><em>Quod</em></strong></span> <span class='ocrx_word' id='word_1_247' title='bbox 1288 2698 1362 2754; x_wconf 86' lang='lat' dir='ltr'><strong><em>sutis</em></strong></span> <span class='ocrx_word' id='word_1_248' title='bbox 1371 2700 1557 2772; x_wconf 77' lang='lat' dir='ltr'><strong><em>smmpiccro</em></strong></span> <span class='ocrx_word' id='word_1_249' title='bbox 1567 2702 1678 2759; x_wconf 87' lang='lat' dir='ltr'><strong><em>tantam</em></strong></span> 
     </span>
     <span class='ocr_line' id='line_1_26' title="bbox 453 2786 1677 2865; baseline 0.002 -21"><span class='ocrx_word' id='word_1_250' title='bbox 453 2802 526 2862; x_wconf 88' lang='lat' dir='ltr'><strong><em>rom,</em></strong></span> <span class='ocrx_word' id='word_1_251' title='bbox 541 2787 702 2861; x_wconf 80' lang='lat' dir='ltr'><strong><em>quantaslt</em></strong></span> <span class='ocrx_word' id='word_1_252' title='bbox 715 2799 837 2858; x_wconf 84' lang='lat' dir='ltr'><strong><em>repnum</em></strong></span> <span class='ocrx_word' id='word_1_253' title='bbox 853 2786 972 2849; x_wconf 75' lang='lat' dir='ltr'><strong><em>cambri</em></strong></span> <span class='ocrx_word' id='word_1_254' title='bbox 984 2786 1151 2861; x_wconf 86' lang='lat' dir='ltr'><strong><em>uindicare,</em></strong></span> <span class='ocrx_word' id='word_1_255' title='bbox 1166 2787 1393 2864; x_wconf 80' lang='lat' dir='ltr'><strong><em>cpprediantur,</em></strong></span> <span class='ocrx_word' id='word_1_256' title='bbox 1405 2789 1459 2862; x_wconf 83' lang='lat' dir='ltr'><strong><em>qui</em></strong></span> <span class='ocrx_word' id='word_1_257' title='bbox 1472 2787 1621 2865; x_wconf 85' lang='lat' dir='ltr'><strong><em>Principis</em></strong></span> <span class='ocrx_word' id='word_1_258' title='bbox 1631 2792 1677 2847; x_wconf 89' lang='lat' dir='ltr'><strong><em>tu-</em></strong></span> 
     </span>
     <span class='ocr_line' id='line_1_27' title="bbox 454 2871 1677 2957; baseline 0.001 -17"><span class='ocrx_word' id='word_1_259' title='bbox 454 2879 558 2940; x_wconf 84' lang='lat' dir='ltr'><strong><em>telaris</em></strong></span> <span class='ocrx_word' id='word_1_260' title='bbox 569 2895 668 2954; x_wconf 87' lang='lat' dir='ltr'><strong><em>sacra,</em></strong></span> <span class='ocrx_word' id='word_1_261' title='bbox 683 2883 829 2954; x_wconf 85' lang='lat' dir='ltr'><strong><em>sanpuinc</em></strong></span> <span class='ocrx_word' id='word_1_262' title='bbox 842 2883 869 2938; x_wconf 93' lang='lat' dir='ltr'><strong><em>cl</em></strong></span> <span class='ocrx_word' id='word_1_263' title='bbox 882 2871 970 2939; x_wconf 84' lang='lat' dir='ltr'><strong><em>coede</em></strong></span> <span class='ocrx_word' id='word_1_264' title='bbox 981 2879 1160 2957; x_wconf 76' lang='lat' dir='ltr'><strong><em>polluerent,</em></strong></span> <span class='ocrx_word' id='word_1_265' title='bbox 1177 2886 1205 2940; x_wconf 90' lang='lat' dir='ltr'><strong><em>ct</em></strong></span> <span class='ocrx_word' id='word_1_266' title='bbox 1227 2879 1349 2957; x_wconf 76' lang='lat' dir='ltr'><strong><em>foedum</em></strong></span> <span class='ocrx_word' id='word_1_267' title='bbox 1361 2886 1520 2941; x_wconf 76' lang='lat' dir='ltr'><strong><em>macrae</em></strong></span> <span class='ocrx_word' id='word_1_268' title='bbox 1539 2882 1578 2941; x_wconf 86' lang='lat' dir='ltr'><strong><em>ab</em></strong></span> <span class='ocrx_word' id='word_1_269' title='bbox 1592 2883 1677 2943; x_wconf 89' lang='lat' dir='ltr'><strong><em>nobi·</em></strong></span> 
     </span>
     <span class='ocr_line' id='line_1_28' title="bbox 453 2974 1676 3053; baseline 0.006 -19"><span class='ocrx_word' id='word_1_270' title='bbox 453 2975 531 3034; x_wconf 84' lang='lat' dir='ltr'><strong><em>tibus</em></strong></span> <span class='ocrx_word' id='word_1_271' title='bbox 541 2979 614 3035; x_wconf 84' lang='lat' dir='ltr'><strong><em>uiris</em></strong></span> <span class='ocrx_word' id='word_1_272' title='bbox 623 2974 796 3050; x_wconf 83' lang='lat' dir='ltr'><strong><em>Loccrdam,</em></strong></span> <span class='ocrx_word' id='word_1_273' title='bbox 808 2977 878 3036; x_wconf 90' lang='lat' dir='ltr'><strong><em>dum</em></strong></span> <span class='ocrx_word' id='word_1_274' title='bbox 887 2980 1014 3052; x_wconf 87' lang='lat' dir='ltr'><strong><em>optimae</em></strong></span> <span class='ocrx_word' id='word_1_275' title='bbox 1023 2980 1173 3035; x_wconf 88' lang='lat' dir='ltr'><strong><em>matronae</em></strong></span> <span class='ocrx_word' id='word_1_276' title='bbox 1188 2981 1295 3053; x_wconf 82' lang='lat' dir='ltr'><strong><em>tcpcrct</em></strong></span> <span class='ocrx_word' id='word_1_277' title='bbox 1307 2975 1397 3053; x_wconf 84' lang='lat' dir='ltr'><strong><em>tatus,</em></strong></span> <span class='ocrx_word' id='word_1_278' title='bbox 1413 2978 1628 3038; x_wconf 83' lang='lat' dir='ltr'><strong><em>obtruncatum.</em></strong></span> <span class='ocrx_word' id='word_1_279' title='bbox 1642 2981 1676 3041; x_wconf 83' lang='lat' dir='ltr'><strong><em>Si</em></strong></span> 
     </span>
     <span class='ocr_line' id='line_1_29' title="bbox 454 3074 1676 3153; baseline -0.003 -16"><span class='ocrx_word' id='word_1_280' title='bbox 454 3077 527 3138; x_wconf 86' lang='lat' dir='ltr'><strong><em>ullis</em></strong></span> <span class='ocrx_word' id='word_1_281' title='bbox 551 3075 614 3135; x_wconf 92' lang='lat' dir='ltr'><strong><em>clia</em></strong></span> <span class='ocrx_word' id='word_1_282' title='bbox 628 3079 682 3134; x_wconf 87' lang='lat' dir='ltr'><strong><em>stet</em></strong></span> <span class='ocrx_word' id='word_1_283' title='bbox 695 3077 850 3147; x_wconf 86' lang='lat' dir='ltr'><strong><em>sententio,</em></strong></span> <span class='ocrx_word' id='word_1_284' title='bbox 874 3076 1005 3150; x_wconf 88' lang='lat' dir='ltr'><strong><em>seprius</em></strong></span> <span class='ocrx_word' id='word_1_285' title='bbox 1028 3074 1176 3133; x_wconf 81' lang='lat' dir='ltr'><strong><em>trucident</em></strong></span> <span class='ocrx_word' id='word_1_286' title='bbox 1198 3079 1294 3151; x_wconf 83' lang='lat' dir='ltr'><strong><em>rapat,</em></strong></span> <span class='ocrx_word' id='word_1_287' title='bbox 1304 3074 1443 3153; x_wconf 66' lang='lat' dir='ltr'><strong><em>placitat,</em></strong></span> <span class='ocrx_word' id='word_1_288' title='bbox 1457 3077 1570 3148; x_wconf 80' lang='lat' dir='ltr'><strong><em>instat,</em></strong></span> <span class='ocrx_word' id='word_1_289' title='bbox 1585 3090 1676 3150; x_wconf 84' lang='lat' dir='ltr'><strong><em>qnam</em></strong></span> 
     </span>
     <span class='ocr_line' id='line_1_30' title="bbox 455 3163 1677 3245; baseline -0.001 -18"><span class='ocrx_word' id='word_1_290' title='bbox 455 3171 618 3229; x_wconf 87' lang='lat' dir='ltr'><strong><em>consciscat</em></strong></span> <span class='ocrx_word' id='word_1_291' title='bbox 629 3164 750 3242; x_wconf 72' lang='lat' dir='ltr'><strong><em>lacinus</em></strong></span> <span class='ocrx_word' id='word_1_292' title='bbox 759 3170 832 3236; x_wconf 84' lang='lat' dir='ltr'><strong><em>uiro,</em></strong></span> <span class='ocrx_word' id='word_1_293' title='bbox 847 3167 921 3240; x_wconf 83' lang='lat' dir='ltr'><strong><em>cicc,</em></strong></span> <span class='ocrx_word' id='word_1_294' title='bbox 937 3165 1089 3241; x_wconf 83' lang='lat' dir='ltr'><strong><em>relipioco,</em></strong></span> <span class='ocrx_word' id='word_1_295' title='bbox 1101 3163 1195 3225; x_wconf 87' lang='lat' dir='ltr'><strong><em>nobili</em></strong></span> <span class='ocrx_word' id='word_1_296' title='bbox 1207 3167 1372 3241; x_wconf 83' lang='lat' dir='ltr'><strong><em>indipnnm.</em></strong></span> <span class='ocrx_word' id='word_1_297' title='bbox 1386 3165 1430 3226; x_wconf 87' lang='lat' dir='ltr'><strong><em>Ea</em></strong></span> <span class='ocrx_word' id='word_1_298' title='bbox 1441 3169 1541 3241; x_wconf 82' lang='lat' dir='ltr'><strong><em>ltaque</em></strong></span> <span class='ocrx_word' id='word_1_299' title='bbox 1551 3167 1677 3245; x_wconf 83' lang='lat' dir='ltr'><strong><em>disjecto</em></strong></span> 
     </span>
     <span class='ocr_line' id='line_1_31' title="bbox 455 3254 1681 3336; baseline 0 -20"><span class='ocrx_word' id='word_1_300' title='bbox 455 3258 591 3332; x_wconf 80' lang='lat' dir='ltr'><strong><em>consilto,</em></strong></span> <span class='ocrx_word' id='word_1_301' title='bbox 600 3256 648 3317; x_wconf 69' lang='lat' dir='ltr'><strong><em>la</em></strong></span> <span class='ocrx_word' id='word_1_302' title='bbox 656 3255 719 3314; x_wconf 80' lang='lat' dir='ltr'><strong><em>bol.</em></strong></span> <span class='ocrx_word' id='word_1_303' title='bbox 734 3254 860 3315; x_wconf 89' lang='lat' dir='ltr'><strong><em>octobris</em></strong></span> <span class='ocrx_word' id='word_1_304' title='bbox 874 3259 941 3314; x_wconf 89' lang='lat' dir='ltr'><strong><em>atro</em></strong></span> <span class='ocrx_word' id='word_1_305' title='bbox 952 3272 1017 3316; x_wconf 80' lang='lat' dir='ltr'><strong><em>non</em></strong></span> <span class='ocrx_word' id='word_1_306' title='bbox 1031 3260 1059 3318; x_wconf 89' lang='lat' dir='ltr'><strong><em>ct</em></strong></span> <span class='ocrx_word' id='word_1_307' title='bbox 1073 3255 1171 3316; x_wconf 88' lang='lat' dir='ltr'><strong><em>scelus</em></strong></span> <span class='ocrx_word' id='word_1_308' title='bbox 1182 3260 1324 3333; x_wconf 85' lang='lat' dir='ltr'><strong><em>ereptum,</em></strong></span> <span class='ocrx_word' id='word_1_309' title='bbox 1334 3254 1537 3333; x_wconf 63' lang='lat' dir='ltr'><strong><em>protutatltic</em></strong></span> <span class='ocrx_word' id='word_1_310' title='bbox 1550 3273 1619 3316; x_wconf 83' lang='lat' dir='ltr'><strong><em>uero</em></strong></span> <span class='ocrx_word' id='word_1_311' title='bbox 1626 3261 1681 3336; x_wconf 80' lang='lat' dir='ltr'><strong><em>pi·¹</em></strong></span> 
     </span>
     <span class='ocr_line' id='line_1_32' title="bbox 455 3346 1678 3424; baseline -0.002 -16"><span class='ocrx_word' id='word_1_312' title='bbox 455 3353 547 3408; x_wconf 89' lang='lat' dir='ltr'><strong><em>etorcs</em></strong></span> <span class='ocrx_word' id='word_1_313' title='bbox 561 3349 675 3405; x_wconf 85' lang='lat' dir='ltr'><strong><em>imitari</em></strong></span> <span class='ocrx_word' id='word_1_314' title='bbox 689 3349 931 3423; x_wconf 86' lang='lat' dir='ltr'><strong><em>operaepretium</em></strong></span> <span class='ocrx_word' id='word_1_315' title='bbox 945 3346 1088 3422; x_wconf 82' lang='lat' dir='ltr'><strong><em>arbitror,</em></strong></span> <span class='ocrx_word' id='word_1_316' title='bbox 1102 3348 1130 3404; x_wconf 93' lang='lat' dir='ltr'><strong><em>cl</em></strong></span> <span class='ocrx_word' id='word_1_317' title='bbox 1143 3363 1202 3422; x_wconf 84' lang='lat' dir='ltr'><strong><em>quo</em></strong></span> <span class='ocrx_word' id='word_1_318' title='bbox 1209 3350 1299 3422; x_wconf 86' lang='lat' dir='ltr'><strong><em>pacto</em></strong></span> <span class='ocrx_word' id='word_1_319' title='bbox 1312 3350 1337 3404; x_wconf 85' lang='lat' dir='ltr'><strong><em>ii</em></strong></span> <span class='ocrx_word' id='word_1_320' title='bbox 1350 3363 1426 3424; x_wconf 80' lang='lat' dir='ltr'><strong><em>quas</em></strong></span> <span class='ocrx_word' id='word_1_321' title='bbox 1437 3349 1589 3423; x_wconf 69' lang='lat' dir='ltr'><strong><em>principes</em></strong></span> <span class='ocrx_word' id='word_1_322' title='bbox 1602 3351 1678 3407; x_wconf 86' lang='lat' dir='ltr'><strong><em>ima·</em></strong></span> 
     </span>
     <span class='ocr_line' id='line_1_33' title="bbox 455 3437 1678 3521; baseline -0.001 -21"><span class='ocrx_word' id='word_1_323' title='bbox 455 3446 540 3521; x_wconf 84' lang='lat' dir='ltr'><strong><em>pinos</em></strong></span> <span class='ocrx_word' id='word_1_324' title='bbox 554 3444 587 3499; x_wconf 84' lang='lat' dir='ltr'><strong><em>in</em></strong></span> <span class='ocrx_word' id='word_1_325' title='bbox 600 3437 768 3500; x_wconf 82' lang='lat' dir='ltr'><strong><em>tabularum</em></strong></span> <span class='ocrx_word' id='word_1_326' title='bbox 776 3444 984 3515; x_wconf 86' lang='lat' dir='ltr'><strong><em>promincnliis</em></strong></span> <span class='ocrx_word' id='word_1_327' title='bbox 998 3444 1127 3500; x_wconf 89' lang='lat' dir='ltr'><strong><em>statuunt</em></strong></span> <span class='ocrx_word' id='word_1_328' title='bbox 1145 3457 1196 3500; x_wconf 90' lang='lat' dir='ltr'><strong><em>eos</em></strong></span> <span class='ocrx_word' id='word_1_329' title='bbox 1210 3444 1394 3517; x_wconf 71' lang='lat' dir='ltr'><strong><em>cupressinis,</em></strong></span> <span class='ocrx_word' id='word_1_330' title='bbox 1408 3443 1436 3498; x_wconf 92' lang='lat' dir='ltr'><strong><em>ct</em></strong></span> <span class='ocrx_word' id='word_1_331' title='bbox 1449 3442 1596 3499; x_wconf 81' lang='lat' dir='ltr'><strong><em>curiosius</em></strong></span> <span class='ocrx_word' id='word_1_332' title='bbox 1609 3444 1678 3499; x_wconf 86' lang='lat' dir='ltr'><strong><em>imi·</em></strong></span> 
     </span>
     <span class='ocr_line' id='line_1_34' title="bbox 457 3535 1678 3615; baseline 0 -20"><span class='ocrx_word' id='word_1_333' title='bbox 457 3539 567 3612; x_wconf 88' lang='lat' dir='ltr'><strong><em>tantur,</em></strong></span> <span class='ocrx_word' id='word_1_334' title='bbox 580 3540 705 3594; x_wconf 82' lang='lat' dir='ltr'><strong><em>muneres</em></strong></span> <span class='ocrx_word' id='word_1_335' title='bbox 716 3550 782 3593; x_wconf 82' lang='lat' dir='ltr'><strong><em>vcro</em></strong></span> <span class='ocrx_word' id='word_1_336' title='bbox 796 3538 828 3593; x_wconf 91' lang='lat' dir='ltr'><strong><em>in</em></strong></span> <span class='ocrx_word' id='word_1_337' title='bbox 843 3536 1005 3596; x_wconf 85' lang='lat' dir='ltr'><strong><em>recessibus</em></strong></span> <span class='ocrx_word' id='word_1_338' title='bbox 1018 3537 1124 3597; x_wconf 82' lang='lat' dir='ltr'><strong><em>rudius</em></strong></span> <span class='ocrx_word' id='word_1_339' title='bbox 1133 3540 1274 3615; x_wconf 80' lang='lat' dir='ltr'><strong><em>pinpunt.</em></strong></span> <span class='ocrx_word' id='word_1_340' title='bbox 1292 3535 1340 3595; x_wconf 90' lang='lat' dir='ltr'><strong><em>tta</em></strong></span> <span class='ocrx_word' id='word_1_341' title='bbox 1353 3540 1379 3594; x_wconf 91' lang='lat' dir='ltr'><strong><em>cl</em></strong></span> <span class='ocrx_word' id='word_1_342' title='bbox 1393 3540 1467 3613; x_wconf 87' lang='lat' dir='ltr'><strong><em>ipsc,</em></strong></span> <span class='ocrx_word' id='word_1_343' title='bbox 1482 3552 1559 3613; x_wconf 84' lang='lat' dir='ltr'><strong><em>quae</em></strong></span> <span class='ocrx_word' id='word_1_344' title='bbox 1569 3539 1602 3594; x_wconf 85' lang='lat' dir='ltr'><strong><em>in</em></strong></span> <span class='ocrx_word' id='word_1_345' title='bbox 1608 3540 1678 3612; x_wconf 85' lang='lat' dir='ltr'><strong><em>pri·</em></strong></span> 
     </span>
     <span class='ocr_line' id='line_1_35' title="bbox 457 3616 1679 3710; baseline 0.002 -21"><span class='ocrx_word' id='word_1_346' title='bbox 457 3635 514 3690; x_wconf 73' lang='lat' dir='ltr'><strong><em>nus</em></strong></span> <span class='ocrx_word' id='word_1_347' title='bbox 538 3633 687 3708; x_wconf 81' lang='lat' dir='ltr'><strong><em>conjurati</em></strong></span> <span class='ocrx_word' id='word_1_348' title='bbox 704 3635 899 3708; x_wconf 76' lang='lat' dir='ltr'><strong><em>aspirarent,</em></strong></span> <span class='ocrx_word' id='word_1_349' title='bbox 915 3616 1196 3710; x_wconf 62' lang='lat' dir='ltr'><strong><em>Prorepis&#39;ncccm,</em></strong></span> <span class='ocrx_word' id='word_1_350' title='bbox 1224 3635 1361 3707; x_wconf 84' lang='lat' dir='ltr'><strong><em>arcisque</em></strong></span> <span class='ocrx_word' id='word_1_351' title='bbox 1378 3635 1530 3708; x_wconf 86' lang='lat' dir='ltr'><strong><em>principis</em></strong></span> <span class='ocrx_word' id='word_1_352' title='bbox 1553 3646 1679 3708; x_wconf 83' lang='lat' dir='ltr'><strong><em>occupa·</em></strong></span> 
     </span>
     <span class='ocr_line' id='line_1_36' title="bbox 457 3718 1678 3799; baseline -0.001 -19"><span class='ocrx_word' id='word_1_353' title='bbox 457 3724 540 3796; x_wconf 91' lang='lat' dir='ltr'><strong><em>tum,</em></strong></span> <span class='ocrx_word' id='word_1_354' title='bbox 559 3734 658 3778; x_wconf 83' lang='lat' dir='ltr'><strong><em>eorum</em></strong></span> <span class='ocrx_word' id='word_1_355' title='bbox 678 3721 776 3778; x_wconf 85' lang='lat' dir='ltr'><strong><em>icones</em></strong></span> <span class='ocrx_word' id='word_1_356' title='bbox 795 3718 952 3794; x_wconf 85' lang='lat' dir='ltr'><strong><em>tepentium</em></strong></span> <span class='ocrx_word' id='word_1_357' title='bbox 961 3721 1057 3781; x_wconf 88' lang='lat' dir='ltr'><strong><em>oculis</em></strong></span> <span class='ocrx_word' id='word_1_358' title='bbox 1069 3720 1242 3797; x_wconf 78' lang='lat' dir='ltr'><strong><em>dilipcntius</em></strong></span> <span class='ocrx_word' id='word_1_359' title='bbox 1251 3737 1412 3799; x_wconf 72' lang='lat' dir='ltr'><strong><em>exponam.</em></strong></span> <span class='ocrx_word' id='word_1_360' title='bbox 1425 3719 1611 3797; x_wconf 77' lang='lat' dir='ltr'><strong><em>ludovicus,</em></strong></span> <span class='ocrx_word' id='word_1_361' title='bbox 1622 3719 1678 3779; x_wconf 89' lang='lat' dir='ltr'><strong><em>du·</em></strong></span> 
     </span>
     <span class='ocr_line' id='line_1_37' title="bbox 451 3815 1680 3899; baseline 0.003 -23"><span class='ocrx_word' id='word_1_362' title='bbox 451 3817 531 3896; x_wconf 87' lang='lat' dir='ltr'><strong><em>plici</em></strong></span> <span class='ocrx_word' id='word_1_363' title='bbox 550 3819 720 3892; x_wconf 82' lang='lat' dir='ltr'><strong><em>stemmate,</em></strong></span> <span class='ocrx_word' id='word_1_364' title='bbox 746 3815 839 3876; x_wconf 78' lang='lat' dir='ltr'><strong><em>tilieto</em></strong></span> <span class='ocrx_word' id='word_1_365' title='bbox 855 3817 883 3879; x_wconf 83' lang='lat' dir='ltr'><em>F</em></span> <span class='ocrx_word' id='word_1_366' title='bbox 882 3823 1033 3878; x_wconf 79' lang='lat' dir='ltr'><strong><em>ciclorum</em></strong></span> <span class='ocrx_word' id='word_1_367' title='bbox 1045 3823 1199 3895; x_wconf 83' lang='lat' dir='ltr'><strong><em>paternum</em></strong></span> <span class='ocrx_word' id='word_1_368' title='bbox 1213 3823 1355 3897; x_wconf 83' lang='lat' dir='ltr'><strong><em>oripinem</em></strong></span> <span class='ocrx_word' id='word_1_369' title='bbox 1374 3819 1418 3878; x_wconf 91' lang='lat' dir='ltr'><strong><em>cd</em></strong></span> <span class='ocrx_word' id='word_1_370' title='bbox 1428 3818 1530 3878; x_wconf 85' lang='lat' dir='ltr'><strong><em>diuum</em></strong></span> <span class='ocrx_word' id='word_1_371' title='bbox 1544 3817 1680 3899; x_wconf 70' lang='lat' dir='ltr'><strong><em>ludovi-</em></strong></span> 
     </span>
     <span class='ocr_line' id='line_1_38' title="bbox 458 3911 1679 3992; baseline -0.002 -18"><span class='ocrx_word' id='word_1_372' title='bbox 458 3931 524 3974; x_wconf 91' lang='lat' dir='ltr'><strong><em>cum</em></strong></span> <span class='ocrx_word' id='word_1_373' title='bbox 548 3913 660 3975; x_wconf 84' lang='lat' dir='ltr'><strong><em>Gatltac</em></strong></span> <span class='ocrx_word' id='word_1_374' title='bbox 678 3914 793 3992; x_wconf 81' lang='lat' dir='ltr'><strong><em>tlepcrn,</em></strong></span> <span class='ocrx_word' id='word_1_375' title='bbox 815 3911 1020 3973; x_wconf 83' lang='lat' dir='ltr'><strong><em>Lacerdorum</em></strong></span> <span class='ocrx_word' id='word_1_376' title='bbox 1042 3913 1135 3974; x_wconf 92' lang='lat' dir='ltr'><strong><em>altero</em></strong></span> <span class='ocrx_word' id='word_1_377' title='bbox 1157 3918 1329 3990; x_wconf 87' lang='lat' dir='ltr'><strong><em>maternam,</em></strong></span> <span class='ocrx_word' id='word_1_378' title='bbox 1345 3914 1387 3973; x_wconf 90' lang='lat' dir='ltr'><strong><em>od</em></strong></span> <span class='ocrx_word' id='word_1_379' title='bbox 1401 3911 1518 3979; x_wconf 72' lang='lat' dir='ltr'><strong><em>tetram</em></strong></span> <span class='ocrx_word' id='word_1_380' title='bbox 1534 3913 1679 3976; x_wconf 86' lang='lat' dir='ltr'><strong><em>Castcltac</em></strong></span> 
     </span>
     <span class='ocr_line' id='line_1_39' title="bbox 458 4003 1679 4083; baseline -0.001 -18"><span class='ocrx_word' id='word_1_381' title='bbox 458 4023 557 4080; x_wconf 72' lang='lat' dir='ltr'><strong><em>renem</em></strong></span> <span class='ocrx_word' id='word_1_382' title='bbox 571 4011 757 4083; x_wconf 85' lang='lat' dir='ltr'><strong><em>capnomcnto</em></strong></span> <span class='ocrx_word' id='word_1_383' title='bbox 773 4003 938 4080; x_wconf 79' lang='lat' dir='ltr'><strong><em>Crudelem,</em></strong></span> <span class='ocrx_word' id='word_1_384' title='bbox 952 4004 1053 4083; x_wconf 73' lang='lat' dir='ltr'><strong><em>refert.</em></strong></span> <span class='ocrx_word' id='word_1_385' title='bbox 1070 4004 1102 4065; x_wconf 91' lang='lat' dir='ltr'><strong><em>Is</em></strong></span> <span class='ocrx_word' id='word_1_386' title='bbox 1115 4005 1298 4081; x_wconf 90' lang='lat' dir='ltr'><strong><em>amplissimo</em></strong></span> <span class='ocrx_word' id='word_1_387' title='bbox 1313 4019 1403 4068; x_wconf 84' lang='lat' dir='ltr'><strong><em>censu</em></strong></span> <span class='ocrx_word' id='word_1_388' title='bbox 1425 4007 1524 4076; x_wconf 72' lang='lat' dir='ltr'><strong><em>nuris,</em></strong></span> <span class='ocrx_word' id='word_1_389' title='bbox 1537 4007 1616 4064; x_wconf 83' lang='lat' dir='ltr'><strong><em>inter</em></strong></span> <span class='ocrx_word' id='word_1_390' title='bbox 1629 4003 1679 4064; x_wconf 91' lang='lat' dir='ltr'><strong><em>ob-</em></strong></span> 
     </span>
     <span class='ocr_line' id='line_1_40' title="bbox 457 4091 1680 4173; baseline 0 -19"><span class='ocrx_word' id='word_1_391' title='bbox 457 4099 562 4173; x_wconf 81' lang='lat' dir='ltr'><strong><em>sequia</em></strong></span> <span class='ocrx_word' id='word_1_392' title='bbox 575 4094 833 4171; x_wconf 86' lang='lat' dir='ltr'><strong><em>educatus,dccoro</em></strong></span> <span class='ocrx_word' id='word_1_393' title='bbox 847 4109 979 4170; x_wconf 81' lang='lat' dir='ltr'><strong><em>corpore,</em></strong></span> <span class='ocrx_word' id='word_1_394' title='bbox 991 4098 1086 4172; x_wconf 80' lang='lat' dir='ltr'><strong><em>repios</em></strong></span> <span class='ocrx_word' id='word_1_395' title='bbox 1101 4098 1215 4154; x_wconf 89' lang='lat' dir='ltr'><strong><em>animos</em></strong></span> <span class='ocrx_word' id='word_1_396' title='bbox 1223 4097 1360 4170; x_wconf 66' lang='lat' dir='ltr'><strong><em>acritpus&#39;</em></strong></span> <span class='ocrx_word' id='word_1_397' title='bbox 1374 4091 1519 4169; x_wconf 85' lang='lat' dir='ltr'><strong><em>liberalis,</em></strong></span> <span class='ocrx_word' id='word_1_398' title='bbox 1534 4092 1572 4153; x_wconf 90' lang='lat' dir='ltr'><strong><em>ab</em></strong></span> <span class='ocrx_word' id='word_1_399' title='bbox 1581 4094 1680 4154; x_wconf 83' lang='lat' dir='ltr'><strong><em>sordi·</em></strong></span> 
     </span>
     <span class='ocr_line' id='line_1_41' title="bbox 461 4184 1681 4265; baseline 0.002 -21"><span class='ocrx_word' id='word_1_400' title='bbox 461 4184 693 4263; x_wconf 80' lang='lat' dir='ltr'><strong><em>busablcorrens,</em></strong></span> <span class='ocrx_word' id='word_1_401' title='bbox 708 4193 788 4265; x_wconf 78' lang='lat' dir='ltr'><strong><em>cepio</em></strong></span> <span class='ocrx_word' id='word_1_402' title='bbox 802 4184 884 4245; x_wconf 90' lang='lat' dir='ltr'><strong><em>cultu</em></strong></span> <span class='ocrx_word' id='word_1_403' title='bbox 894 4187 1016 4262; x_wconf 81' lang='lat' dir='ltr'><strong><em>poudct,</em></strong></span> <span class='ocrx_word' id='word_1_404' title='bbox 1027 4189 1130 4263; x_wconf 87' lang='lat' dir='ltr'><strong><em>justus</em></strong></span> <span class='ocrx_word' id='word_1_405' title='bbox 1138 4189 1300 4264; x_wconf 88' lang='lat' dir='ltr'><strong><em>propositi.</em></strong></span> <span class='ocrx_word' id='word_1_406' title='bbox 1311 4189 1344 4244; x_wconf 88' lang='lat' dir='ltr'><strong><em>in</em></strong></span> <span class='ocrx_word' id='word_1_407' title='bbox 1356 4202 1388 4242; x_wconf 92' lang='lat' dir='ltr'><strong><em>re</em></strong></span> <span class='ocrx_word' id='word_1_408' title='bbox 1393 4187 1545 4260; x_wconf 82' lang='lat' dir='ltr'><strong><em>praesenti</em></strong></span> <span class='ocrx_word' id='word_1_409' title='bbox 1563 4185 1681 4262; x_wconf 78' lang='lat' dir='ltr'><strong><em>denter,</em></strong></span> 
     </span>
     <span class='ocr_line' id='line_1_42' title="bbox 460 4278 1679 4362; baseline -0.002 -22"><span class='ocrx_word' id='word_1_410' title='bbox 460 4284 535 4340; x_wconf 81' lang='lat' dir='ltr'><strong><em>unire</em></strong></span> <span class='ocrx_word' id='word_1_411' title='bbox 545 4295 653 4338; x_wconf 84' lang='lat' dir='ltr'><strong><em>memor</em></strong></span> <span class='ocrx_word' id='word_1_412' title='bbox 671 4285 743 4360; x_wconf 87' lang='lat' dir='ltr'><strong><em>acti,</em></strong></span> <span class='ocrx_word' id='word_1_413' title='bbox 756 4285 852 4358; x_wconf 84' lang='lat' dir='ltr'><strong><em>mopis</em></strong></span> <span class='ocrx_word' id='word_1_414' title='bbox 866 4278 996 4340; x_wconf 83' lang='lat' dir='ltr'><strong><em>callidus</em></strong></span> <span class='ocrx_word' id='word_1_415' title='bbox 1009 4280 1119 4357; x_wconf 76' lang='lat' dir='ltr'><strong><em>futuri,</em></strong></span> <span class='ocrx_word' id='word_1_416' title='bbox 1133 4285 1227 4358; x_wconf 78' lang='lat' dir='ltr'><strong><em>pestal</em></strong></span> <span class='ocrx_word' id='word_1_417' title='bbox 1242 4279 1370 4340; x_wconf 84' lang='lat' dir='ltr'><strong><em>indolem</em></strong></span> <span class='ocrx_word' id='word_1_418' title='bbox 1384 4294 1474 4356; x_wconf 82' lang='lat' dir='ltr'><strong><em>rcpno</em></strong></span> <span class='ocrx_word' id='word_1_419' title='bbox 1481 4294 1595 4356; x_wconf 84' lang='lat' dir='ltr'><strong><em>parem.</em></strong></span> <span class='ocrx_word' id='word_1_420' title='bbox 1612 4278 1679 4362; x_wconf 68' lang='lat' dir='ltr'><strong><em>Arce</em></strong></span> 
     </span>
     <span class='ocr_line' id='line_1_43' title="bbox 460 4368 1680 4446; baseline -0.002 -13"><span class='ocrx_word' id='word_1_421' title='bbox 460 4387 529 4432; x_wconf 83' lang='lat' dir='ltr'><strong><em>uero</em></strong></span> <span class='ocrx_word' id='word_1_422' title='bbox 543 4373 577 4428; x_wconf 89' lang='lat' dir='ltr'><strong><em>in</em></strong></span> <span class='ocrx_word' id='word_1_423' title='bbox 590 4370 689 4429; x_wconf 78' lang='lat' dir='ltr'><strong><em>nucia</em></strong></span> <span class='ocrx_word' id='word_1_424' title='bbox 702 4370 773 4430; x_wconf 87' lang='lat' dir='ltr'><strong><em>urbe</em></strong></span> <span class='ocrx_word' id='word_1_425' title='bbox 786 4371 828 4430; x_wconf 91' lang='lat' dir='ltr'><strong><em>ad</em></strong></span> <span class='ocrx_word' id='word_1_426' title='bbox 841 4384 922 4428; x_wconf 91' lang='lat' dir='ltr'><strong><em>mare</em></strong></span> <span class='ocrx_word' id='word_1_427' title='bbox 936 4369 1088 4446; x_wconf 84' lang='lat' dir='ltr'><strong><em>quadrata</em></strong></span> <span class='ocrx_word' id='word_1_428' title='bbox 1099 4368 1181 4446; x_wconf 84' lang='lat' dir='ltr'><strong><em>soctc</em></strong></span> <span class='ocrx_word' id='word_1_429' title='bbox 1195 4375 1266 4445; x_wconf 89' lang='lat' dir='ltr'><strong><em>silo,</em></strong></span> <span class='ocrx_word' id='word_1_430' title='bbox 1280 4384 1503 4445; x_wconf 71' lang='lat' dir='ltr'><strong><em>quantumquo</em></strong></span> <span class='ocrx_word' id='word_1_431' title='bbox 1521 4383 1624 4427; x_wconf 87' lang='lat' dir='ltr'><strong><em>versus</em></strong></span> <span class='ocrx_word' id='word_1_432' title='bbox 1638 4370 1680 4430; x_wconf 84' lang='lat' dir='ltr'><strong><em>ud</em></strong></span> 
     </span>
     <span class='ocr_line' id='line_1_44' title="bbox 461 4455 1680 4537; baseline 0 -18"><span class='ocrx_word' id='word_1_433' title='bbox 461 4460 562 4519; x_wconf 90' lang='lat' dir='ltr'><strong><em>urbem</em></strong></span> <span class='ocrx_word' id='word_1_434' title='bbox 576 4458 690 4537; x_wconf 77' lang='lat' dir='ltr'><strong><em>duplic</em></strong></span> <span class='ocrx_word' id='word_1_435' title='bbox 703 4460 766 4520; x_wconf 89' lang='lat' dir='ltr'><strong><em>atto</em></strong></span> <span class='ocrx_word' id='word_1_436' title='bbox 780 4459 865 4537; x_wconf 72' lang='lat' dir='ltr'><strong><em>fossa</em></strong></span> <span class='ocrx_word' id='word_1_437' title='bbox 879 4460 1053 4520; x_wconf 85' lang='lat' dir='ltr'><strong><em>circumdat.</em></strong></span> <span class='ocrx_word' id='word_1_438' title='bbox 1070 4460 1233 4537; x_wconf 78' lang='lat' dir='ltr'><strong><em>Intersossa</em></strong></span> <span class='ocrx_word' id='word_1_439' title='bbox 1248 4459 1395 4519; x_wconf 89' lang='lat' dir='ltr'><strong><em>obstructo</em></strong></span> <span class='ocrx_word' id='word_1_440' title='bbox 1408 4455 1502 4515; x_wconf 85' lang='lat' dir='ltr'><strong><em>lorica</em></strong></span> <span class='ocrx_word' id='word_1_441' title='bbox 1516 4456 1680 4534; x_wconf 79' lang='lat' dir='ltr'><strong><em>tnpcnttbus</em></strong></span> 
     </span>
     <span class='ocr_line' id='line_1_45' title="bbox 454 4551 1679 4635; baseline -0.002 -20"><span class='ocrx_word' id='word_1_442' title='bbox 454 4554 691 4635; x_wconf 85' lang='lat' dir='ltr'><strong><em>propupnacutis</em></strong></span> <span class='ocrx_word' id='word_1_443' title='bbox 714 4557 756 4615; x_wconf 82' lang='lat' dir='ltr'><strong><em>acl</em></strong></span> <span class='ocrx_word' id='word_1_444' title='bbox 770 4557 895 4635; x_wconf 79' lang='lat' dir='ltr'><strong><em>onprclos</em></strong></span> <span class='ocrx_word' id='word_1_445' title='bbox 917 4560 1042 4616; x_wconf 87' lang='lat' dir='ltr'><strong><em>consita.</em></strong></span> <span class='ocrx_word' id='word_1_446' title='bbox 1059 4554 1359 4616; x_wconf 70' lang='lat' dir='ltr'><strong><em>sacramencum</em></strong></span> <span class='ocrx_word' id='word_1_447' title='bbox 1374 4559 1491 4630; x_wconf 86' lang='lat' dir='ltr'><strong><em>primus</em></strong></span> <span class='ocrx_word' id='word_1_448' title='bbox 1510 4551 1612 4613; x_wconf 89' lang='lat' dir='ltr'><strong><em>odilus</em></strong></span> <span class='ocrx_word' id='word_1_449' title='bbox 1621 4571 1679 4631; x_wconf 92' lang='lat' dir='ltr'><strong><em>pcr</em></strong></span> 
     </span>
     <span class='ocr_line' id='line_1_46' title="bbox 457 4649 1681 4730; baseline -0.005 -17"><span class='ocrx_word' id='word_1_450' title='bbox 457 4655 575 4728; x_wconf 88' lang='lat' dir='ltr'><strong><em>pontem</em></strong></span> <span class='ocrx_word' id='word_1_451' title='bbox 585 4655 680 4729; x_wconf 88' lang='lat' dir='ltr'><strong><em>patet,</em></strong></span> <span class='ocrx_word' id='word_1_452' title='bbox 695 4655 722 4711; x_wconf 94' lang='lat' dir='ltr'><strong><em>cl</em></strong></span> <span class='ocrx_word' id='word_1_453' title='bbox 731 4656 819 4728; x_wconf 86' lang='lat' dir='ltr'><strong><em>parte</em></strong></span> <span class='ocrx_word' id='word_1_454' title='bbox 833 4656 966 4712; x_wconf 80' lang='lat' dir='ltr'><strong><em>munima</em></strong></span> <span class='ocrx_word' id='word_1_455' title='bbox 980 4653 1108 4713; x_wconf 86' lang='lat' dir='ltr'><strong><em>aduersa</em></strong></span> <span class='ocrx_word' id='word_1_456' title='bbox 1116 4669 1173 4730; x_wconf 86' lang='lat' dir='ltr'><strong><em>per</em></strong></span> <span class='ocrx_word' id='word_1_457' title='bbox 1187 4652 1281 4711; x_wconf 79' lang='lat' dir='ltr'><strong><em>olium</em></strong></span> <span class='ocrx_word' id='word_1_458' title='bbox 1287 4653 1408 4727; x_wconf 85' lang='lat' dir='ltr'><strong><em>pontem</em></strong></span> <span class='ocrx_word' id='word_1_459' title='bbox 1422 4653 1521 4725; x_wconf 80' lang='lat' dir='ltr'><strong><em>repios</em></strong></span> <span class='ocrx_word' id='word_1_460' title='bbox 1531 4649 1621 4709; x_wconf 89' lang='lat' dir='ltr'><strong><em>cedes</em></strong></span> <span class='ocrx_word' id='word_1_461' title='bbox 1635 4653 1681 4719; x_wconf 84' lang='lat' dir='ltr'><strong><em>at-</em></strong></span> 
     </span>
    </p>
   </div>
   <div class='ocr_carea' id='block_1_5' title="bbox 0 0 1987 5592">
    <p class='ocr_par' dir='ltr' id='par_1_5' title="bbox 0 0 1987 5592">
     <span class='ocr_line' id='line_1_47' title="bbox 0 0 1987 5592; baseline 0 0"><span class='ocrx_word' id='word_1_462' title='bbox 0 0 1987 5592; x_wconf 95' lang='lat' dir='ltr'><strong><em> </em></strong></span> 
     </span>
    </p>
   </div>
  </div>
 </body>
</html>
