3942 5592
1490 535 1545 592 teo

386 729 391 739 Ι
421 648 608 724 Aposiopesis
628 649 670 707 ast
692 647 835 704 orationis
856 644 995 721 abruptio
1015 660 1056 705 ea
1076 645 1198 738 affectas
1218 652 1338 726 impetn,
1359 651 1583 724 etpollssimnm

378 743 444 786 erite
453 748 459 785 Ζ

418 806 569 946 ῦαααιῖνιά
586 806 793 869 Terentianus:
809 826 826 861 a
839 806 903 884 Epo
915 823 952 865 ne
967 807 1081 867 illam?
1095 806 1176 881 (hiae
1186 806 1297 868 illam?
1319 808 1401 883 Quae
1413 829 1471 872 non
1483 812 1500 869 i
1522 816 1583 872 sine

375 902 421 946 mo
444 906 470 946 ο,
489 909 505 943 >s

418 966 614 1047 Prosopopeia
626 970 679 1039 est,
695 983 759 1025 enm
768 981 927 1043 personam
939 965 1069 1041 [minsas
1084 986 1100 1027 e
1114 984 1174 1028 non
1184 983 1327 1044 persona,
1347 977 1380 1032 nt
1403 972 1583 1034 divinatione

376 1049 410 1104 in
430 1051 554 1109 Verrem:
573 1070 590 1106 a
605 1045 709 1108 Sicilia
722 1051 793 1121 tola,
810 1051 839 1105 si
848 1062 910 1106 nna
921 1065 990 1107 voce
1000 1048 1178 1125 loqueretar,
1191 1045 1264 1108 iaec
1275 1050 1395 1112 diceret:
1405 1056 1486 1130 qnod
1499 1056 1579 1128 anri,

376 1131 457 1202 qnod
469 1135 641 1208 arpenti...»
658 1127 695 1187 Et
707 1130 740 1186 in
757 1125 925 1202 Catilinam,
939 1130 1055 1188 indnait
1060 1133 1208 1207 patriam,
1222 1136 1351 1205 quaesi:
1365 1134 1525 1194 Catilinam
1539 1131 1583 1193 al·

377 1206 519 1285 loquitar.
535 1231 552 1266 a
566 1208 691 1271 antnrn
701 1211 762 1266 iarn
776 1210 815 1266 tot
828 1222 922 1268 annos
934 1207 1056 1282 sadans
1069 1205 1182 1285 edistii,
1198 1211 1260 1268 nisi
1267 1226 1325 1286 per
1336 1215 1397 1284 tas
1411 1218 1438 1274 et
1448 1231 1526 1292 qaae
1539 1232 1583 1274 se·

377 1293 521 1362 ananias.
913 1301 916 1304 '

417 1369 601 1451 Apostrophe
611 1374 666 1448 est,
677 1382 743 1428 enm
751 1383 908 1431 samonem
921 1369 985 1430 alio
999 1373 1248 1447 oasimaspnom
1259 1387 1316 1446 qno
1325 1375 1464 1435 instituta
1473 1379 1537 1436 erat
1549 1391 1579 1433 o·

377 1451 463 1527 ratio,
478 1454 506 1509 et
518 1450 692 1512 commodior
704 1452 746 1509 est
759 1455 787 1512 si
796 1447 854 1523 fiat
867 1450 909 1510 ad
922 1449 1064 1529 alsatios,
1078 1451 1125 1512 oet
1137 1469 1185 1510 res
1198 1455 1356 1513 inarsimas.
1376 1453 1529 1533 Virpitins:

537 1571 1022 1592 ..........
1067 1531 1103 1593 lit
1113 1547 1191 1593 auro

537 1610 574 1673 vi
586 1610 713 1694 potitur.
730 1606 806 1677 Ouid
823 1624 885 1671 non
901 1609 1042 1674 mortalia
1054 1621 1179 1694 pectora
1192 1610 1277 1691 cogis

540 1690 614 1753 Ausi
628 1689 846 1755 sacratamos‘l
887 1736 895 1752 .
941 1732 948 1746 .
992 1735 1002 1750 .
1049 1737 1057 1753 .

422 1774 586 1850 Ciceropro
598 1770 702 1834 Balbo:
722 1791 733 1823 ι
756 1773 809 1832 Vos
817 1772 945 1849 deniqne
958 1777 1055 1833 maiae
1067 1776 1202 1848 ropiones
1210 1773 1351 1851 imploro,
1369 1778 1474 1840 etsola
1488 1782 1582 1840 terra·

377 1867 444 1910 ram
456 1853 637 1928 nltimarnm,
651 1867 712 1925 vos,
723 1859 830 1926 maria,
840 1856 957 1930 portas,
972 1853 1101 1930 insulae,
1114 1853 1285 1933 lietoraqne.

417 1934 614 2011 Interropatr'o
623 1935 723 1992 acrio:
732 1938 825 2010 serpet,
839 1948 915 2008 qnae
928 1937 1008 1993 reeta
1018 1931 1155 1994 'oratione
1164 1932 1333 2012 tanpnebat.
1356 1935 1414 1997 Pro
1423 1943 1578 2004 comoedo:

379 2035 392 2067 ι
411 2011 579 2090 Stipntatns
592 2017 645 2075 est.
667 2008 748 2070 aot?
761 2029 820 2090 qno
831 2013 906 2072 die?
920 2029 980 2089 qno
994 2017 1124 2090 tempore
1135 2015 1152 2073 ,Ρ
1165 2032 1223 2093 qno
1234 2021 1419 2094 praesente?
1433 2027 1500 2099 qni:
1513 2040 1580 2104 spo·

372 2095 516 2172 pondisse
529 2111 575 2153 me
588 2093 680 2154 dieii?
695 2111 711 2148 n

415 2172 549 2234 licentia
571 2174 696 2233 liberam
720 2175 854 2250 praestat
879 2176 1060 2234 orationem:
1084 2171 1182 2233 dican
1199 2177 1281 2254 qnod
1305 2184 1410 2259 sentio:
1426 2184 1493 2245 dieo
1507 2199 1582 2243 sern-

372 2270 483 2332 perqne
493 2255 606 2324 dicam:
619 2271 709 2329 prave
722 2253 805 2313 dicta
819 2255 874 2322 est‚·
891 2253 1047 2314 dioendnm
1061 2257 1221 2316 esttamen.

416 2333 577 2396 Eaeoraiio
590 2334 653 2395 illis
666 2337 830 2410 ommipitar
842 2330 1004 2405 sorrnnlis:
1019 2336 1075 2394 Dii
1087 2339 1115 2393 to
1127 2338 1280 2410 perdant:
1304 2342 1355 2402 Dii
1366 2345 1393 2400 ta
1406 2347 1556 2406 eradicent
1567 2364 1579 2412 ς

376 2415 427 2474 Dii
439 2414 496 2474 tibi
508 2414 631 2492 dipnnrn
644 2415 737 2490 saetis
748 2417 874 2475 exitium
888 2412 1040 2482 reddant:
1055 2418 1088 2472 nl
1100 2417 1129 2473 le
1145 2414 1195 2474 Dii
1207 2463 1216 2495 ,
1241 2419 1378 2498 Deaeqm
1400 2441 1499 2485 omnes
1509 2441 1578 2501 per·

374 2497 456 2557 dant:
473 2498 547 2570 qnin
563 2498 595 2552 tn
609 2495 672 2558 olris
684 2500 718 2556 in
730 2494 841 2554 motam
847 2499 970 2570 pestem,
986 2493 1154 2570 malumque
1165 2502 1337 2562 cruciarem.
1585 2509 1588 2515 ’

407 2571 813 2716 ίἱ1ἀααααίίὶο[οντααίανααάε
827 2570 895 2632 vide
908 2576 952 2632 sis
960 2594 973 2644 ,·
989 2590 1061 2632 aare
1072 2571 1174 2649 faxis:
1185 2578 1255 2639 vide
1268 2588 1370 2661 etiam,
1386 2591 1475 2663 atque
1490 2589 1581 2645 etiam

374 2673 404 2715 or
428 2676 453 2716 e.

414 2918 569 2990 aposiopesi
582 2916 597 2973 i
610 2914 862 2987 intertompimento
876 2917 919 2973 del
933 2918 1068 2986 discorso,
1080 2932 1128 2988 per
1138 2918 1240 2988 emptio
1250 2917 1275 2973 di
1289 2918 1392 2987 alieno,
1410 2936 1425 2976 e
1439 2922 1581 2995 principai-

376 3000 464 3052 monto
477 2993 560 3051 d’ira:
577 2993 672 3049 Fedria
685 2992 710 3048 ia
723 2993 859 3049 Terenzio:
879 3015 890 3042 ιι
900 2995 929 3048 io
943 2994 976 3050 da
993 2995 1048 3049 Lei.
1058 3034 1064 3045 .
1075 3033 1081 3046 .
1094 3034 1099 3046 .
1112 2992 1126 3048 t
1138 2993 1192 3048 Che
1205 2992 1289 3049 aoiui.
1356 2993 1370 3047 i
1384 2996 1437 3050 Che
1452 3013 1504 3054 mo.
1519 3041 1525 3052 .
1538 3043 1544 3054 .
1557 3001 1582 3056 .‘i
1653 3016 1657 3024 ·

376 3071 431 3126 Cho
443 3086 495 3127 non
505 3113 510 3125 .
522 3112 528 3124 .
540 3071 649 3125 .Lasoia
662 3085 698 3123 un
710 3070 754 3139 po’
769 3110 774 3122 .
789 3083 863 3124 ‚eoo
880 3091 891 3119 n

411 3148 591 3217 Prosopopeja
604 3144 619 3201 i:
632 3145 673 3200 iar
687 3160 802 3216 persona
812 3145 854 3199 aio
866 3145 916 3200 che
927 3159 980 3200 non
990 3141 1005 3198 i
1015 3159 1140 3216 persona.
1154 3142 1227 3200 Nelia
1237 3143 1401 3200 divinatione
1410 3152 1507 3203 contro
1519 3151 1586 3206 Ver·

374 3237 413 3277 re:
433 3223 492 3277 «La
502 3222 592 3277 Sicilia
606 3226 684 3284 tutio,
698 3235 726 3276 so
740 3219 859 3291 portasse
871 3219 904 3276 ad
918 3234 972 3275 una
981 3235 1060 3287 voce,
1072 3224 1169 3291 queste
1179 3234 1243 3274 cose
1254 3217 1371 3276 direhbo:
1383 3231 1484 3292 quanto
1494 3224 1581 3294 d'oro,

373 3303 475 3368 quanto
489 3297 632 3369 diargento
652 3312 713 3352 ecc.
731 3319 755 3350 s.
772 3297 793 3352 E
808 3303 904 3350 contro
917 3295 1032 3351 Catilina
1044 3293 1215 3351 s'iniroduce
1229 3294 1254 3350 ia
1268 3298 1352 3366 patria
1365 3313 1381 3351 a
1395 3297 1525 3371 perlargii
1537 3318 1584 3356 co·

374 3375 407 3429 si:
427 3395 437 3423 α
451 3375 523 3428 liiua
537 3372 654 3428 misiatto
668 3371 703 3437 da
714 3372 845 3428 iani'anni
859 3373 882 3427 si
895 3369 910 3427 l:
921 3387 1118 3443 commesso,so
1132 3386 1185 3426 non
1198 3377 1304 3442 pertua
1318 3387 1418 3428 mezzo:
1428 3397 1439 3424 s
1448 3391 1463 3430 o
1472 3378 1516 3432 cio
1530 3377 1581 3434 che

374 3466 412 3505 sse
433 3465 477 3504 uo.

413 3465 591 3594 fi’ipostrole
605 3523 678 3579 volta
691 3523 710 3578 il
724 3537 873 3579 sermonen
886 3538 951 3578 cosa
965 3521 1072 3579 diversa
1086 3521 1119 3577 da
1128 3522 1217 3592 queit:
1230 3523 1275 3578 oui
1289 3522 1373 3593 prima
1395 3537 1442 3581 ara
1461 3526 1560 3584 diretta
1574 3570 1580 3598 ,

321 3666 324 3673 ‚
374 3601 409 3658 ed
421 3598 436 3656 d
449 3599 495 3672 piis
509 3599 621 3656 efflasse
635 3615 664 3655 se
677 3599 693 3656 ii
708 3600 779 3655 volta
792 3598 850 3672 agli
864 3598 975 3668 essenti,
991 3614 1007 3653 o
1021 3613 1037 3653 a
1049 3612 1113 3653 cose
1127 3598 1278 3658 inanimato,
1295 3599 1413 3672 Virgilio:

651 3719 808 3788 S'impadroni
819 3718 926 3774 dell'oro.
948 3720 974 3771 A
985 3719 1041 3787 qual
1052 3719 1134 3772 delita:

653 3788 740 3857 Empia
751 3787 848 3840 deil’oro
859 3787 888 3840 ed
901 3788 1019 3840 esacrahil
1032 3787 1093 3839 fame

655 3857 694 3909 Tu
705 3875 753 3909 non
762 3857 867 3925 sospingi
879 3856 916 3908 de’
928 3856 1021 3909 mortali
1033 3856 1151 3911 itenere?

415 3978 544 4038 Cicerone
557 3997 606 4052 per
620 3980 713 4037 Balbo:
734 4003 744 4030 ιι
763 3980 811 4037 voi
825 3977 975 4036 finalmente
990 3977 1106 4050 imploro
1120 3988 1195 4037 mute
1210 3980 1311 4053 regioni
1322 3979 1531 4042 deil’esiremit'a
1542 3986 1584 4044 del

376 4058 486 4129 mondo,
498 4059 541 4114 voi
555 4058 634 4126 mari,
650 4059 729 4127 porti,
745 4057 819 4126 isole,
831 4054 876 4111 lidi
890 4070 950 4110 eac.
967 4078 978 4106 s

413 4136 451 4190 la
465 4135 678 4206 interrogaziono
692 4133 792 4189 inoaiza
805 4146 856 4188 con
870 4130 916 4201 pii:
927 4131 1046 4187 vivaoiii
1060 4130 1078 4186 l'
1088 4129 1222 4198 orozione,
1238 4133 1287 4188 cho
1301 4130 1343 4186 nei
1358 4149 1409 4190 suo
1422 4137 1582 4194 andamonio

376 4207 464 4264 diriito
477 4209 667 4281 ianguiva.Per
677 4210 774 4265 Roscio
784 4206 913 4262 llosnodo:
928 4210 988 4264 «iia
998 4207 1140 4278 stipulata.
1151 4206 1239 4264 Dave?
1252 4209 1278 4262 la
1290 4207 1352 4278 qual
1367 4212 1478 4281 giorno?
1492 4215 1520 4268 in
1531 4213 1583 4271 ohe

377 4283 483 4354 tempo?
494 4286 552 4341 Aila
566 4300 694 4357 prosena:
708 4284 733 4340 di
747 4285 805 4340 chit
817 4297 877 4340 ooo.
896 4305 907 4330 n

415 4361 451 4415 La
465 4357 564 4418 ticenae
578 4362 612 4418 do
621 4360 715 4415 liberti
727 4359 912 4417 oii’orazione:
926 4379 937 4405 a
951 4357 1014 4412 [siro
1027 4358 1152 4428 quelche
1167 4363 1253 4412 sento:
1289 4356 1349 4413 diris
1362 4375 1377 4414 e
1391 4361 1450 4417 diris
1463 4379 1582 4439 seniore:

381 4459 392 4486 u
409 4432 424 4490 i
438 4450 520 4507 grave
534 4453 549 4493 a
563 4438 631 4502 dire,
650 4450 694 4490 ma
707 4451 759 4506 pus
770 4437 881 4506 bisogno
895 4431 965 4488 disto
983 4455 1008 4486 a.
1620 4484 1624 4491 ,

416 4511 628 4569 L¹Eseorszi0ne
642 4512 663 4565 si
677 4512 792 4581 esprime
806 4526 857 4566 con
871 4514 966 4580 questa
982 4507 1215 4567 tormoiorlddio
1230 4509 1248 4563 ii
1261 4508 1345 4564 faccia
1357 4511 1433 4572 irisio
1446 4547 1475 4554 -
1492 4515 1510 4568 11
1526 4533 1584 4574 ma.

376 4591 455 4646 loono
469 4589 519 4644 che
534 4588 608 4645 iddio
622 4586 640 4642 ti
655 4586 740 4642 dia-
755 4587 847 4644 Renda
859 4584 876 4638 ii
891 4582 964 4639 Cieio
974 4583 1061 4657 dogna
1074 4583 1165 4640 merce
1178 4583 1202 4640 α’
1214 4586 1268 4640 iuoi
1289 4585 1398 4643 missotti
1409 4621 1440 4631 -
1456 4589 1543 4646 vanno
1557 4595 1583 4650 al

375 4661 553 4725 diusmo-T*
565 4662 667 4734 inaoiga
682 4662 706 4718 ia
718 4671 793 4732 pesse
802 4674 899 4717 -ecc.

413 4739 640 4796 L’Amsnoniziono
648 4741 670 4793 si
678 4739 704 4794 la
713 4739 737 4794 in
752 4740 841 4815 questi
856 4733 969 4791 termini:
990 4744 1059 4796 osia
1071 4738 1099 4794 in
1112 4736 1250 4811 guardia»
1268 4741 1309 4793 sia
1322 4740 1348 4795 in
1360 4739 1471 4799 ssdeila:
1493 4766 1504 4792 l
1519 4745 1578 4802 vadi

377 4821 456 4878 bens:
472 4835 483 4865 n
501 4830 680 4875 assersaeco.
700 4838 710 4863 ιι
1021 4840 1023 4844 ν
1332 4840 1335 4847 ·
