3942 5592
491 544 530 606 38

486 653 524 712 in
537 651 591 712 boc
604 655 685 713 statu
699 649 924 728 praecipuitate·
937 655 1007 710 sarit
1027 653 1129 725 topici,
1148 653 1293 732 ammiti,
1313 651 1468 728 Dissimili,
1487 655 1653 728 concern,

446 749 466 790 a
484 735 569 808 Fine,
586 738 613 794 et
627 751 647 792 a
660 735 851 808 Cataporatis,
866 731 990 803 Maiore,
1003 733 1128 800 labacro,
1148 733 1228 792 Pari.

486 813 661 893 Anibipaum
673 813 728 884 est,
742 815 775 869 ut
788 815 929 886 scripturn
939 811 1045 887 plures
1059 813 1170 886 accepit
1181 817 1366 883 scatentiass
1381 816 1414 872 nt
1427 855 1435 884 ‚
1450 814 1582 872 statuam
1596 831 1652 873 aa·

444 910 524 953 ream
533 892 647 954 basiam
659 895 801 953 renonem
820 893 895 951 Titio
909 891 959 964 elo,
973 891 1047 968 bopo.
1063 891 1205 965 ⁴imbipas
1220 901 1299 955 enim
1321 898 1422 956 staina
1434 907 1490 968 aa,
1506 911 1547 954 aa
1561 893 1654 954 basta

444 991 535 1034 aurea
550 977 654 1036 danda
668 977 716 1035 sit.
730 969 825 1030 locas
838 968 887 1030 liic
901 975 1105 1033 dominatura
1123 977 1359 1037 circarrtstantiis
1374 989 1491 1050 rerunt,
1512 978 1541 1033 ei
1550 991 1654 1051 perso·

443 1071 560 1114 aarum.
1157 1094 1159 1098 ι

489 1134 659 1196 Translatio
678 1137 732 1204 est,
747 1149 811 1192 cam
825 1139 991 1210 accusator,
1006 1135 1115 1207 iudea,
1130 1137 1221 1206 actio,
1237 1139 1372 1214 ternpus,
1387 1134 1470 1195 locus
1489 1137 1651 1198 mutandas

444 1219 494 1276 sit.
506 1215 680 1290 Accusator,
694 1217 726 1272 ut
736 1217 788 1288 qui
802 1213 942 1291 insonis,
960 1231 1011 1274 ea.
1027 1233 1074 1291 pr.
1083 1214 1241 1290 postutare
1251 1235 1310 1277 aon
1318 1220 1423 1295 possit.
1441 1214 1555 1285 lutee,
1569 1218 1651 1294 quoa

443 1297 506 1356 eius
520 1294 630 1356 iudicii
641 1297 788 1354 notionem
800 1313 859 1356 non
871 1293 987 1357 tabeat.
1003 1295 1109 1371 Actio,
1124 1297 1206 1369 quod
1224 1305 1283 1356 nan
1296 1315 1338 1358 ea
1351 1300 1494 1369 crimine,
1515 1313 1568 1355 ex.
1587 1313 1649 1372 pr,

442 1375 496 1436 seri
507 1393 548 1434 ec
562 1378 723 1452 contracta,
739 1392 797 1434 aaa
810 1394 851 1435 ec
863 1374 1064 1450 bacsarraala
1073 1382 1206 1448 cationes,
1218 1377 1344 1438 sedabo
1357 1375 1551 1438 actordebeai
1561 1394 1650 1437 suam

443 1461 491 1517 ius
505 1460 649 1533 cooperiri.
670 1457 816 1532 Tempus,
844 1463 917 1533 qaia
938 1457 1071 1516 umidum
1084 1459 1149 1516 dies
1161 1457 1315 1519 cainiana
1328 1461 1419 1518 venii.
1433 1455 1553 1533 Lacus,
1569 1460 1654 1533 quod

441 1552 502 1597 nan
517 1536 658 1614 Neapoli,
674 1553 725 1595 ecc.
740 1554 799 1613 pr,
816 1539 869 1599 sect
885 1540 1002 1612 Capuae
1013 1557 1083 1597 reus
1096 1538 1201 1600 debeat
1214 1542 1380 1598 conveniri.

482 1617 542 1678 ‚Sea
554 1622 587 1676 in
599 1616 654 1677 bac
665 1633 820 1676 causarum
833 1636 936 1696 periere
946 1621 1042 1681 status
1053 1636 1113 1679 nan
1126 1625 1170 1678 est
1183 1619 1306 1694 quidam
1315 1625 1470 1696 proprius,
1483 1624 1511 1679 et
1525 1637 1546 1679 a
1559 1623 1651 1679 coete-

437 1701 482 1757 ris
499 1697 657 1773 tapetibus,
671 1700 726 1774 qui
740 1714 837 1774 anper
851 1703 998 1761 numerati
1007 1705 1085 1773 sunt,
1102 1698 1207 1762 alias.-
1222 1717 1293 1758 uam
1306 1717 1427 1759 causant
1439 1698 1578 1775 (ament,
1599 1700 1649 1760 oei

438 1775 706 1856 tepescantroriae,
720 1776 934 1854 retroaspicere,
950 1782 978 1839 et
988 1785 1142 1854 sententia,
1158 1778 1205 1840 aci
1220 1783 1428 1857 ratiocinatio,
1453 1781 1499 1841 oei
1520 1784 1649 1854 uesicae

440 1857 623 1932 ambipuurn.
642 1859 742 1932 Quare
764 1855 935 1919 bainsraoeii
948 1878 990 1918 ex
1003 1861 1205 1936 capacioribus
1220 1865 1276 1922 erit
1297 1865 1331 1919 in
1354 1861 1402 1922 liis
1426 1859 1647 1938 quaestiouibus

439 1941 533 1999 saras
548 1956 669 2016 causae,
683 1943 728 2000 ita
740 1943 806 1999 eius
820 1944 915 2003 status
929 1939 989 1999 loci
1004 1944 1074 2003 sant
1083 1943 1294 2018 perquirendi.

700 2163 743 2210 DE
757 2163 909 2215 Locorum
925 2163 1083 2225 uetuerit,
1094 2163 1166 2212 SIVE
1178 2165 1219 2213 DE
1228 2163 1366 2212 carrica·

476 2347 557 2406 Haec
567 2349 634 2405 suni
647 2346 791 2410 elementa
800 2345 938 2423 docendi,
947 2363 1024 2423 qnae
1038 2351 1138 2407 orator
1151 2345 1203 2406 ubi
1215 2364 1335 2410 causant
1346 2349 1471 2423 suscipit
1486 2344 1646 2421 aiman-

432 2428 515 2524 ctam,
534 2444 708 2525 percanora
728 2434 827 2490 omnia
842 2424 926 2486 tebet
939 2471 948 2504 ,
963 2431 998 2487 at
1012 2429 1165 2505 quidquid
1179 2433 1213 2492 in
1226 2446 1319 2490 causa
1333 2433 1371 2488 sii
1383 2427 1553 2503 aereaere,
1566 2438 1647 2494 iare·

435 2511 883 2652 Μδῑιίοἳιῖιένῖοζξιαάὴῑὸεηάαιη
897 2591 939 2650 est
951 2589 1112 2665 iusticiam,
1127 2588 1460 2668 quadeurirnnmaric
1479 2592 1588 2650 critica
1600 2597 1647 2652 iu·

946 2787 1130 2799 2-

473 2955 525 3018 Nal
539 2961 620 3032 quale
635 2966 704 3018 stato
718 2962 725 3017 i
739 2960 880 3031 principati
893 2961 986 3032 luoghi
1003 2978 1070 3019 sono
1086 2961 1182 3034 topici3
1197 2959 1241 3018 dal
1256 2957 1354 3026 simite,
1376 2960 1421 3019 dai
1441 2959 1586 3030 dissimile,
1601 2959 1646 3016 dai

435 3038 586 3105 contrario,
605 3030 648 3094 dai
662 3040 724 3110 fine,
737 3037 778 3093 dai
789 3037 950 3108 comparati,
964 3038 1006 3094 dai
1021 3040 1171 3113 maggiore,
1184 3038 1226 3094 dal
1241 3036 1357 3107 minore,
1372 3038 1416 3094 dai
1432 3037 1504 3107 pari.

474 3112 503 3169 L’
513 3113 646 3185 Ambigua
661 3129 755 3183 nasce,
771 3114 879 3183 quando
894 3113 920 3169 lo
934 3115 1030 3171 scritto
1045 3122 1136 3177 ricavo
1150 3115 1198 3184 piis
1209 3111 1292 3179 sensi,
1308 3127 1398 3169 come:
1414 3114 1461 3172 da,
1479 3111 1544 3183 iepo
1560 3127 1582 3168 a
1599 3110 1646 3166 rt·
1676 3146 1682 3157 -

430 3191 477 3247 nia
490 3187 523 3246 ta
535 3194 638 3245 statua
651 3207 706 3246 coa
718 3192 788 3247 asta
800 3189 828 3243 (Ρ
839 3207 899 3257 ora,
915 3188 990 3245 viane
1005 3191 1020 3247 ii
1035 3190 1172 3252 dubbiose
1184 3190 1309 3245 institua
1319 3186 1345 3242 Ρ
1355 3206 1416 3254 aro,
1427 3208 1443 3246 ο
1458 3187 1475 3243 Ρ
1484 3196 1547 3243 asta
1558 3187 1584 3243 (Ρ
1594 3203 1644 3246 ora

432 3281 575 3337 consenga
594 3264 678 3322 darei.
700 3267 803 3332 Quesio
824 3265 907 3338 luogo
928 3264 1043 3335 stipenda
1064 3275 1135 3328 tutto
1157 3265 1227 3323 daile
1251 3262 1421 3323 ciroastanze
1444 3265 1472 3322 ai
1494 3278 1595 3322 casce
1618 3262 1646 3319 di

452 3356 560 3397 essone.

431 3357 450 3451 -Ρ
472 3415 644 3472 Trasiazione
657 3411 673 3468 b
686 3414 794 3483 quando
809 3425 899 3474 mutar
912 3416 934 3470 si
948 3416 1015 3472 deve
1030 3421 1203 3484 accusatore,
1216 3411 1335 3485 giudice,
1346 3412 1451 3479 acione,
1467 3419 1569 3483 tempo,
1584 3411 1645 3467 luo-

431 3509 477 3565 go.
495 3491 524 3547 L’
535 3497 712 3553 accusatore,
728 3491 838 3561 peschi,
852 3491 1070 3562 esempligrazia,
1088 3490 1204 3546 essendo
1218 3488 1316 3545 iniame
1327 3503 1381 3542 nan
1395 3502 1477 3556 possa
1491 3488 1645 3558 comparire

431 3571 458 3625 ia
469 3567 614 3624 tribunale.
630 3567 649 3621 ii
666 3562 791 3634 Giudioc,
806 3569 905 3638 perciti
918 3584 969 3622 non
982 3565 1061 3621 abbia
1075 3582 1108 3621 su
1121 3564 1199 3621 catali
1212 3564 1285 3622 otiari
1302 3578 1471 3619 conoscenza
1486 3581 1501 3619 a
1515 3565 1645 3634 giurisdi·

430 3644 518 3700 aione.
537 3644 563 3698 u
575 3644 685 3710 Arione,
700 3642 801 3709 pecchi
816 3645 832 3700 Ρ
841 3654 929 3702 attare
944 3641 1045 3713 sbagtib
1059 3640 1229 3712 intentanda,
1245 3639 1417 3710 verbicauaa,
1432 3639 1449 3695 Ρ
1459 3642 1537 3697 aziou
1550 3639 1576 3696 di
1593 3641 1644 3697 de·

433 3719 504 3790 litto,
515 3719 623 3790 quando
637 3731 685 3773 era
700 3714 725 3770 ii
740 3726 890 3790 contritio,
903 3739 919 3777 o
931 3717 1039 3791 quondo
1049 3718 1151 3774 intentb
1166 3726 1236 3775 sotto
1249 3731 1301 3770 uno
1311 3715 1426 3771 immota
1440 3731 1455 3770 e
1469 3715 1556 3773 dorca
1570 3724 1642 3773 sotto

427 3795 479 3851 (ιη’
491 3795 569 3852 altra.
585 3794 605 3849 li
616 3801 718 3862 tempo,
733 3794 833 3862 peschi
847 3814 900 3853 non
913 3795 928 3852 b
942 3795 1038 3866 giunta
1054 3791 1167 3865 (premii
1181 3799 1277 3863 questo
1292 3806 1356 3845 caso
1370 3793 1377 3859 t
1393 3790 1516 3861 ii‘giorno
1531 3792 1575 3848 dci
1596 3808 1642 3864 pa·

431 3878 573 3944 gamonio.
593 3868 613 3925 u
625 3868 720 3940 buogo,
733 3872 841 3938 quando
856 3874 942 3929 bosea
955 3869 975 3926 ii
990 3884 1037 3925 rao
1051 3885 1126 3927 esser
1141 3873 1295 3928 conventria
1312 3867 1356 3938 (ia
1369 3869 1467 3938 contat
1483 3885 1536 3924 noa
1552 3869 1578 3924 in
1591 3871 1644 3925 Na·

432 3946 500 4019 poli,
516 3946 592 4003 baasi
607 3945 633 4001 in
644 3946 747 4014 Capua.

472 4023 512 4078 bia
525 4023 550 4076 in
565 4027 661 4093 questo
675 4037 774 4092 genere
786 4019 811 4076 di
827 4036 973 4076 catrsanon
985 4021 1012 4075 vi
1025 4019 1039 4076 ὲ
1055 4025 1126 4074 stata
1136 4019 1257 4090 proprio,
1272 4036 1287 4075 e
1300 4019 1408 4076 diverso
1421 4016 1493 4090 dagli
1505 4019 1568 4078 sitsi
1579 4017 1643 4071 stati

426 4096 515 4170 iegati
529 4098 777 4168 soprannumerati.
794 4095 890 4152 Paichb
904 4095 930 4151 la
944 4111 1030 4151 causa
1044 4096 1154 4151 vertera
1173 4112 1205 4151 su
1219 4096 1244 4153 ie
1264 4096 1335 4166 ieggi
1355 4100 1510 4167 contrarie,
1531 4115 1548 4153 a
1570 4091 1645 4148 sulla

432 4173 555 4231 scrittoc
573 4172 590 4228 ii
605 4189 696 4243 senso,
714 4172 756 4228 sui
771 4172 927 4240 raziocinio,
943 4188 959 4227 o
975 4170 1038 4227 suit’
1049 4171 1188 4243 ambiguo.
1204 4171 1301 4237 Quiudi
1315 4172 1385 4228 daile
1398 4187 1463 4227 cose
1476 4174 1521 4246 gib
1534 4175 1608 4231 aene
1621 4167 1643 4222 si

436 4250 531 4309 aorchi
542 4249 569 4305 io
582 4256 655 4305 stato
669 4247 739 4305 delia
750 4263 844 4316 causa,
861 4248 892 4303 ei
905 4249 997 4321 iuoghi
1012 4249 1127 4319 appositi
1142 4247 1195 4303 aiio
1208 4254 1279 4303 stata
1290 4247 1452 4304 medesima.

694 4431 777 4472 uuis
792 4432 885 4472 sortiri
900 4414 944 4470 Μ’
955 4431 1063 4484 aucant,
1077 4430 1180 4471 aviano
1194 4430 1277 4470 ortui
1291 4431 1405 4472 eutrici.

468 4576 561 4642 Questi
576 4592 642 4633 sono
656 4578 693 4651 gli
704 4578 832 4638 elementi
847 4582 920 4640 detio
935 4582 1089 4653 iasegnara,
1105 4579 1113 4634 i
1126 4575 1212 4650 quali,
1226 4576 1334 4649 quando
1350 4577 1367 4633 Ρ
1375 4579 1491 4635 Oratore
1506 4580 1541 4636 ha
1554 4590 1634 4646 presa

431 4666 592 4784 unancaatciisag,
600 4652 734 4786 (ἓεοθὶμῑρῑ
747 4655 899 4788 tiliscorsere
913 4654 1062 4716 acciocchb
1080 4655 1118 4712 sia
1131 4660 1207 4710 certo
1221 4655 1247 4711 (Ρ
1259 4669 1324 4712 aver
1341 4659 1469 4725 trovato,
1493 4659 1596 4728 quauta
1609 4656 1636 4709 io

430 4741 482 4798 que
638 4748 654 4784 v
687 4748 757 4787 ssimi
770 4749 795 4788 e.

466 4805 506 4863 ua
520 4805 567 4878 qui
581 4805 603 4864 si
618 4807 697 4866 tuate
712 4824 747 4865 un
761 4806 876 4882 giudicio
891 4810 961 4868 assai
975 4807 1182 4884 penetrabunt!
1197 4808 1279 4883 quale
1290 4805 1444 4868 moltissimi
1454 4807 1516 4869 riuti
1531 4806 1638 4876 prende
