3942 5592
463 441 520 502 172

425 563 532 628 mapao
541 565 697 627 procerum
720 549 805 626 repul
818 549 971 623 conserua,
984 542 1036 607 abi
1059 549 1087 608 el
1099 540 1228 606 lacobus
1241 563 1297 609 rec
1311 547 1438 628 Anpltae
1451 555 1479 610 ei
1491 554 1649 630 utriusque

425 642 516 720 Hepis
529 644 663 722 familiae
677 642 838 724 aliturum,
853 641 900 703 bis
913 641 1011 704 uerbis
1023 643 1131 719 Repcm
1144 641 1346 704 sandalarii.-
1362 643 1500 724 Pleilippe
1514 665 1584 716 rac,
1595 665 1649 727 epo

425 739 453 793 tc
466 733 724 813 indepouensiam
748 736 864 810 ducem,
886 729 1043 810 Plailippm
1061 731 1108 792 1r
1120 730 1332 808 Hispaniarum
1352 751 1449 813 repom
1466 743 1646 814 propensas,-

425 845 490 887 cnm
503 829 662 893 sedulitate
687 828 807 892 consilii
819 827 1022 904 Hispanorum
1029 824 1171 905 propria,
1186 831 1331 903 inpenita,
1346 827 1383 887 ab
1401 829 1496 891 Gallis
1509 837 1650 894 caercitii

424 918 609 981 alacritatem
628 925 787 1000 corejnnpe,
802 924 829 978 et
843 920 924 978 domi
933 917 1110 996 prudentia,
1126 915 1208 994 foris
1221 922 1334 981 instrue
1347 925 1449 982 amis.
1469 924 1518 985 lta
1533 930 1652 985 tuorum

427 1014 539 1090 Repam
548 1016 731 1077 decessorum
744 1017 874 1096 ptoriom
884 1017 1084 1092 superaveris.
1098 1013 1137 1074 ln
1146 1018 1173 1074 le
1186 1017 1276 1090 ipilur
1297 1019 1405 1078 constet
1422 1020 1651 1096 Hispanicenscs

425 1103 609 1185 monarchia,
624 1112 652 1167 et
675 1124 730 1168 suo
749 1108 953 1185 mopmladine
977 1107 1026 1168 ccl
1038 1109 1152 1167 nomini
1172 1103 1277 1183 official
1296 1108 1447 1185 meofflme
1461 1112 1587 1191 jubente
1601 1117 1647 1172 ta-

427 1198 688 1275 men-Quodque
700 1198 747 1260 leis
760 1202 802 1257 ita
811 1199 908 1268 dictis,
926 1199 1130 1271 Hispanorum
1142 1199 1183 1258 ad
1197 1215 1293 1278 sepem
1308 1200 1424 1261 Galliac
1434 1201 1565 1278 chdus
1576 1201 1650 1263 Plui-

429 1291 545 1370 lippam
564 1309 659 1370 rupem
672 1296 792 1369 opnooit
803 1309 897 1367 snam,
911 1296 1065 1354 cimanum
1079 1290 1300 1355 uenerabundus
1309 1294 1457 1355 admavit.
1472 1296 1516 1359 llo
1527 1303 1648 1376 accepto

428 1392 549 1463 nuna'o,
563 1393 595 1448 in
608 1387 678 1448 urbe
701 1391 733 1449 nl
743 1385 917 1464 plurimum,
932 1391 1081 1463 tamquam
1094 1403 1134 1446 erc
1154 1402 1185 1448 re
1198 1391 1360 1466 insperata,
1376 1391 1538 1450 admiratio
1545 1413 1559 1463 ,·
1574 1396 1603 1452 el
1616 1395 1650 1452 in

430 1484 582 1549 Ludouico
595 1503 662 1564 repe
671 1485 791 1547 laudari
804 1490 920 1563 nepotis
926 1487 1079 1563 pietatem,
1089 1501 1149 1545 non
1161 1489 1255 1565 requi.
1272 1485 1389 1547 Psorea
1403 1505 1483 1565 uero,
1498 1492 1533 1548 in
1543 1506 1577 1551 re
1587 1490 1651 1569 fer·

430 1583 522 1657 uenti,
531 1583 600 1640 noui
613 1579 802 1657 Principalas
812 1577 919 1638 indicit
930 1581 1038 1638 arania
1056 1579 1130 1640 Tum
1142 1594 1256 1658 quoque
1266 1585 1437 1658 septernoiri
1449 1576 1553 1646 civitat
1558 1590 1585 1647 is
1596 1585 1653 1646 ia·

429 1678 512 1733 tricii
525 1670 665 1753 (lamminas
681 1673 853 1751 plerumque
867 1689 939 1752 qnos
952 1677 986 1734 in
999 1676 1080 1734 tenni
1092 1691 1124 1732 re
1134 1677 1249 1748 positos
1262 1678 1360 1737 nanus
1374 1676 1585 1754 rempublicam
1599 1695 1651 1740 cu-

433 1783 501 1828 rare
514 1771 658 1844 oporteret
669 1761 683 1845 )
696 1766 737 1826 ad
750 1767 784 1825 id
797 1768 915 1843 majora
927 1769 1013 1844 repni
1026 1768 1143 1825 canaan
1157 1764 1263 1827 occulti
1276 1765 1496 1842 desiderabant,
1511 1773 1595 1847 quod
1618 1774 1653 1832 in

426 1859 629 1938 perduellium
645 1858 749 1920 edictis
759 1862 864 1935 postea
876 1861 1037 1934 promptos.
1055 1853 1286 1919 Nibilominusa
1299 1855 1425 1936 Prorepe
1438 1874 1475 1918 ea
1484 1859 1653 1924 solennitas

433 1959 615 2033 aspernatas
630 1958 720 2031 utque
734 1956 768 2011 ia
777 1955 859 2029 pente
869 1967 970 2028 prono
983 1956 1016 2010 in
1029 1950 1141 2026 turbas,
1156 1954 1254 2011 inluta
1260 1972 1272 2022 ;
1284 1954 1311 2009 et
1325 1953 1359 2012 in
1372 1968 1463 2027 rcpno
1475 1955 1558 2029 quod
1569 1961 1655 2032 sequi

434 2055 602 2128 Araponum
621 2048 759 2126 eaerupla
773 2045 866 2120 debet,
880 2046 1039 2123 superflua.
1058 2044 1157 2124 lpilur
1166 2051 1233 2124 posi
1242 2063 1356 2126 pancos
1378 2050 1444 2111 dies
1458 2067 1477 2108 a
1489 2048 1652 2128 frequenti,

434 2149 488 2223 qui
510 2146 543 2201 in
563 2141 636 2200 urbe
648 2140 812 2217 apitabaat,
829 2135 990 2197 Procerum
1011 2154 1142 2210 nurnero,
1157 2144 1340 2216 septemviris
1363 2146 1505 2218 ciuitatis,
1519 2151 1655 2207 nomaso

431 2239 655 2315 mapistrcnmm
669 2233 784 2308 ordine,
799 2251 834 2292 ac
850 2229 975 2309 Prorepe
991 2234 1071 2308 ipso,
1085 2232 1210 2292 solemni
1220 2249 1274 2308 per
1288 2231 1389 2292 urbam
1404 2233 1655 2313 obsequilantiarn

433 2348 560 2411 pompa,
577 2329 715 2408 Plsibppo
735 2332 837 2407 Vejus
850 2332 976 2388 norninis
991 2328 1066 2402 Hepi
1077 2333 1191 2404 potenti
1203 2329 1316 2408 incipio
1329 2328 1418 2405 felici
1440 2331 1651 2393 acclamatum.

436 2429 499 2487 Νεε
511 2425 583 2486 ullis
605 2429 676 2481 noni
685 2427 880 2501 principatus
905 2422 1087 2480 insinuandi
1097 2422 1222 2497 artibus,
1228 2480 1230 2484 Α
1231 2427 1442 2500 praeterquam
1455 2429 1547 2504 jactu
1560 2431 1657 2486 naissi-

436 2523 523 2594 linm,
537 2522 679 2580 consertio
701 2525 732 2579 in
758 2518 925 2594 Principem
940 2515 1098 2577 conciliata
1105 2539 1117 2590 ,-
1131 2535 1191 2578 non
1211 2534 1328 2578 annom
1341 2519 1440 2580 nilu'lo
1460 2512 1656 2596 maranen

437 2617 593 2673 criminum
616 2610 783 2686 abolitione,
798 2627 834 2670 ne
856 2610 996 2669 bonorum
1017 2607 1153 2684 berscficio
1166 2606 1338 2684 insereretur
1360 2609 1485 2690 indipni.
1502 2601 1659 2690 arqae'rta

436 2707 513 2768 bona
523 2719 597 2781 pace
611 2720 733 2780 reanum
753 2704 892 2781 Plttlippo
904 2705 1067 2765 successori
1085 2705 1242 2767 seruolum.
1258 2700 1367 2763 Rerum
1380 2704 1501 2781 quidem
1515 2706 1589 2767 ordo
1596 2727 1653 2786 po·

437 2797 562 2862 stularel
586 2802 618 2857 ut
632 2797 702 2857 binc
719 2803 816 2874 prima
829 2798 1045 2874 conjurationis
1057 2800 1200 2856 mornado
1220 2813 1345 2858 narrare
1369 2803 1563 2875 instituerem,
1576 2804 1660 2881 quod

432 2909 489 2969 per
502 2889 556 2951 boc
567 2894 680 2968 tempus
703 2890 833 2950 insidiae
849 2903 938 2966 repno
949 2886 1133 2966 neapolitano
1147 2890 1224 2946 necti
1238 2887 1347 2948 Rornae
1361 2894 1527 2965 coeperunt.
1551 2892 1661 2953 Tarum

436 3004 474 3047 ne
495 2988 617 3049 dissice
630 3004 677 3047 res
690 2982 917 3059 inconditocqae
932 2985 1101 3059 tradantur,
1117 2981 1197 3042 alius
1223 2984 1295 3044 ordo
1309 2986 1511 3046 contexendus
1525 2989 1658 3048 uidetur.

439 3081 536 3143 liebus
550 3098 626 3157 quas
640 3079 877 3155 supradiximus
890 3081 991 3155 perlis,
1004 3074 1172 3154 leopoldus
1187 3083 1390 3156 successionis,
1408 3080 1569 3142 Grelielnras
1583 3083 1660 3142 divi-

440 3174 533 3234 sionis
548 3187 598 3247 spe
613 3168 755 3245 destituti,
771 3170 812 3228 ad
831 3167 941 3229 bellum
953 3173 1095 3246 spectum.
1112 3167 1150 3230 Hi
1164 3167 1304 3230 Austrius
1318 3170 1396 3234 binis
1417 3177 1537 3249 castris,
1553 3175 1661 3236 alteris

426 3306 429 3311 <
441 3267 484 3327 ad
494 3263 592 3326 libeni
601 3269 709 3342 ripam,
724 3263 826 3324 alteris
841 3269 873 3323 in
887 3263 1020 3341 Italiam,
1033 3262 1194 3339 orovendls,
1207 3261 1332 3341 Amisus
1347 3266 1466 3344 duplici
1479 3274 1548 3330 item
1562 3270 1662 3332 classe

435 3379 494 3439 per
503 3360 706 3435 lusitaniam,
718 3377 779 3420 una
793 3364 825 3421 tn
836 3360 1026 3437 Hispaniam,
1041 3359 1139 3420 altera
1153 3364 1185 3419 in
1197 3356 1313 3435 ludios,
1324 3377 1409 3422 arona
1422 3367 1582 3443 trajicere:
1598 3365 1662 3426 Ba·

441 3460 504 3515 laci
526 3472 587 3515 rem
598 3455 758 3533 pereadom
779 3462 892 3530 arpent.
907 3453 966 3514 Sed
983 3437 1075 3530 elnpli
1088 3469 1154 3512 cam
1167 3455 1311 3530 ispaniam
1324 3461 1464 3516 marcium
1487 3464 1603 3536 copiam
1617 3462 1662 3522 ad

444 3551 609 3627 Hispanias
623 3552 840 3626 comporlaiam,
857 3556 884 3609 ci
895 3558 1064 3612 immensam
1073 3554 1268 3625 pecuniarum
1277 3555 1337 3610 vim
1349 3557 1381 3612 in
1390 3550 1495 3628 [oenus
1504 3559 1660 3615 nauticmu

445 3642 487 3702 ad
502 3641 610 3701 ludios
634 3635 803 3716 hispanicae
824 3638 929 3701 ditioni
942 3638 1087 3717 subjectas
1109 3641 1280 3716 occupatam
1292 3639 1443 3718 baberent,
1455 3657 1527 3703 suas
1540 3646 1662 3706 attritas

445 3739 541 3814 priori
550 3734 626 3797 bello
634 3733 782 3811 sortaaeas,
790 3751 878 3814 pace,
890 3752 979 3813 quam
990 3731 1061 3795 illas
1072 3733 1200 3797 bostium
1209 3738 1391 3796 instauratas
1404 3733 1492 3814 bello,
1501 3735 1660 3800 malebant.

449 3835 621 3894 Germaniae
641 3833 793 3908 principes
818 3830 909 3890 lilani
923 3827 1040 3890 accolae
1059 3835 1123 3891 suis
1136 3834 1267 3907 ipsomam
1288 3833 1384 3907 copiis
1404 3848 1470 3891 mam
1487 3832 1661 3894 &saranica

440 3927 531 4004 finem
545 3946 575 3991 se
585 3931 773 4004 protecturos
787 3927 919 4002 edicunt,
929 3929 993 3987 sive
1006 3926 1039 3984 ut
1053 3941 1109 3985 sua
1119 3928 1241 4003 pacata,
1256 3926 1317 3985 sioc
1329 3929 1361 3984 ut
1373 3923 1493 3986 ltaliam
1505 3932 1601 4002 inopis
1614 3930 1664 3986 in·

445 4016 552 4094 sestam
566 4019 655 4082 celiat
672 4018 789 4080 Galliac
802 4035 859 4078 rea
872 4021 985 4078 interea
993 4021 1095 4097 justas
1114 4020 1163 4076 sni
1175 4014 1254 4091 sacti
1267 4031 1375 4076 accusas
1388 4021 1519 4092 primam
1534 4021 1663 4077 omniurn

441 4117 641 4190 protestatur.-
658 4111 809 4188 Huropam
818 4108 948 4171 eumdem
961 4124 1059 4170 rerum
1069 4112 1178 4169 stolum
1189 4125 1323 4178 samaras
1338 4107 1535 4187 Hispanicum
1547 4126 1668 4171 monar-

447 4209 544 4270 clriam
565 4224 650 4267 suam
672 4211 746 4267 certa
757 4204 862 4266 babere
889 4223 1002 4285 repem3
1013 4221 1136 4284 reanum
1149 4206 1315 4268 Galliarum
1329 4204 1463 4283 Plrileppi
1475 4210 1663 4267 successione

446 4300 541 4363 nibilo
555 4305 693 4360 auctum:
708 4320 807 4363 rerum
819 4306 962 4362 montania
976 4306 1073 4362 ornnia
1083 4300 1222 4379 Europae
1234 4315 1349 4380 pacera,
1360 4317 1451 4376 quaem
1465 4304 1595 4375 impense
1609 4305 1668 4364 stu·

448 4401 509 4478 det,
518 4402 728 4475 pereanotura.
742 4399 815 4459 Hoa
824 4415 881 4475 per
891 4398 1067 4476 Ablepatum
1080 4413 1146 4458 cum
1160 4398 1255 4459 libero
1266 4414 1364 4458 rerum
1377 4400 1573 4473 aeneadarum
1580 4404 1667 4476 pote·

446 4500 521 4556 stote
535 4510 555 4551 a
569 4495 702 4571 Batauis,
717 4511 736 4552 a
756 4494 870 4553 Venetis
884 4496 982 4551 autern
990 4509 1049 4570 per
1066 4491 1219 4553 Caesarem
1232 4494 1380 4552 ⁴{astream
1396 4491 1592 4570 cardinalem,
1604 4497 1665 4555 lum

448 4587 528 4664 sorte
539 4587 575 4647 de
588 4588 720 4650 Comitiis
731 4587 892 4662 Pontificiis
903 4590 1083 4663 redeuntem,
1090 4591 1177 4664 petit,
1187 4592 1219 4646 ut
1231 4603 1290 4663 qao
1303 4589 1425 4662 ocrpaul
1436 4582 1572 4660 soeclere,
1586 4593 1664 4652 cerlo

450 4689 576 4759 temporo
598 4678 725 4752 edicant.
741 4682 778 4741 Al
803 4683 922 4756 Batavi,
938 4699 1014 4759 quae
1039 4682 1206 4762 Anplicoua
1221 4682 1349 4740 Camilia
1367 4682 1529 4761 jusserint,
1552 4685 1663 4764 Veneti,
