<?xml version="1.0" encoding="UTF-8"?>
<!DOCTYPE html PUBLIC "-//W3C//DTD XHTML 1.0 Transitional//EN"
    "http://www.w3.org/TR/xhtml1/DTD/xhtml1-transitional.dtd">
<html xmlns="http://www.w3.org/1999/xhtml" xml:lang="en" lang="en">
 <head>
  <title>
</title>
<meta http-equiv="Content-Type" content="text/html;charset=utf-8" />
  <meta name='ocr-system' content='tesseract 3.04.00' />
  <meta name='ocr-capabilities' content='ocr_page ocr_carea ocr_par ocr_line ocrx_word'/>
</head>
<body>
  <div class='ocr_page' id='page_1' title='image "./operedigiambatt01ferrgoog_0129.png"; bbox 0 0 3942 5592; ppageno 0'>
   <div class='ocr_carea' id='block_1_1' title="bbox 393 534 451 599">
    <p class='ocr_par' dir='ltr' id='par_1_1' title="bbox 393 534 451 599">
     <span class='ocr_line' id='line_1_1' title="bbox 393 534 451 599; baseline -0.034 0"><span class='ocrx_word' id='word_1_1' title='bbox 393 534 451 599; x_wconf 81' lang='lat' dir='ltr'>stt</span> 
     </span>
    </p>
   </div>
   <div class='ocr_carea' id='block_1_2' title="bbox 340 639 1582 1298">
    <p class='ocr_par' dir='ltr' id='par_1_2' title="bbox 340 639 1582 1298">
     <span class='ocr_line' id='line_1_2' title="bbox 340 639 1582 798; baseline -0.003 -93.981"><span class='ocrx_word' id='word_1_2' title='bbox 340 656 461 798; x_wconf 49' lang='lat' dir='ltr'>{cusu</span> <span class='ocrx_word' id='word_1_3' title='bbox 475 643 597 704; x_wconf 83' lang='lat' dir='ltr'>t&#39;ormam</span> <span class='ocrx_word' id='word_1_4' title='bbox 612 657 701 719; x_wconf 85' lang='lat' dir='ltr'>supra</span> <span class='ocrx_word' id='word_1_5' title='bbox 715 657 802 718; x_wconf 68' lang='lat' dir='ltr'>quiam</span> <span class='ocrx_word' id='word_1_6' title='bbox 816 640 993 715; x_wconf 72' lang='lat' dir='ltr'>feminaepb</span> <span class='ocrx_word' id='word_1_7' title='bbox 1004 644 1125 701; x_wconf 89' lang='lat' dir='ltr'>artuum</span> <span class='ocrx_word' id='word_1_8' title='bbox 1139 655 1357 717; x_wconf 79' lang='lat' dir='ltr'>nervorumque</span> <span class='ocrx_word' id='word_1_9' title='bbox 1367 639 1550 700; x_wconf 87' lang='lat' dir='ltr'>firmitate</span> <span class='ocrx_word' id='word_1_10' title='bbox 1524 656 1582 700; x_wconf 85' lang='lat' dir='ltr'>nm</span> 
     </span>
     <span class='ocr_line' id='line_1_3' title="bbox 370 733 1577 827; baseline -0.007 -27.858"><span class='ocrx_word' id='word_1_11' title='bbox 370 754 443 816; x_wconf 84' lang='lat' dir='ltr'>upra</span> <span class='ocrx_word' id='word_1_12' title='bbox 454 753 544 827; x_wconf 81' lang='lat' dir='ltr'>quam</span> <span class='ocrx_word' id='word_1_13' title='bbox 560 736 699 808; x_wconf 85' lang='lat' dir='ltr'>nominis,</span> <span class='ocrx_word' id='word_1_14' title='bbox 712 736 750 796; x_wconf 82' lang='lat' dir='ltr'>ab</span> <span class='ocrx_word' id='word_1_15' title='bbox 762 733 922 813; x_wconf 87' lang='lat' dir='ltr'>praeclaris</span> <span class='ocrx_word' id='word_1_16' title='bbox 933 733 1086 812; x_wconf 76' lang='lat' dir='ltr'>regiorum</span> <span class='ocrx_word' id='word_1_17' title='bbox 1099 733 1264 796; x_wconf 84' lang='lat' dir='ltr'>officiomm</span> <span class='ocrx_word' id='word_1_18' title='bbox 1274 733 1420 811; x_wconf 82' lang='lat' dir='ltr'>exemptis</span> <span class='ocrx_word' id='word_1_19' title='bbox 1435 733 1577 793; x_wconf 84' lang='lat' dir='ltr'>uirtutem</span> 
     </span>
     <span class='ocr_line' id='line_1_4' title="bbox 355 830 1580 914; baseline -0.006 -20"><span class='ocrx_word' id='word_1_20' title='bbox 355 825 542 914; x_wconf 74' lang='lat' dir='ltr'>supraqu&#39;dm</span> <span class='ocrx_word' id='word_1_21' title='bbox 553 833 821 911; x_wconf 80' lang='lat' dir='ltr'>ririsuspieeretis&#39;.</span> <span class='ocrx_word' id='word_1_22' title='bbox 824 831 957 894; x_wconf 82' lang='lat' dir='ltr'>Oretum</span> <span class='ocrx_word' id='word_1_23' title='bbox 966 831 1100 893; x_wconf 90' lang='lat' dir='ltr'>omniurn</span> <span class='ocrx_word' id='word_1_24' title='bbox 1113 830 1454 908; x_wconf 80' lang='lat' dir='ltr'>nuotor,etetiormntrin</span> <span class='ocrx_word' id='word_1_25' title='bbox 1464 849 1489 888; x_wconf 94' lang='lat' dir='ltr'>n</span> <span class='ocrx_word' id='word_1_26' title='bbox 1482 830 1580 889; x_wconf 80' lang='lat' dir='ltr'>utura!</span> 
     </span>
     <span class='ocr_line' id='line_1_5' title="bbox 350 923 1582 1011; baseline -0.004 -19"><span class='ocrx_word' id='word_1_27' title='bbox 350 950 440 1010; x_wconf 80' lang='lat' dir='ltr'>quam</span> <span class='ocrx_word' id='word_1_28' title='bbox 455 933 530 1005; x_wconf 80' lang='lat' dir='ltr'>hane</span> <span class='ocrx_word' id='word_1_29' title='bbox 546 936 643 1011; x_wconf 86' lang='lat' dir='ltr'>perte</span> <span class='ocrx_word' id='word_1_30' title='bbox 659 933 783 1005; x_wconf 86' lang='lat' dir='ltr'>tactum,</span> <span class='ocrx_word' id='word_1_31' title='bbox 798 929 1011 1008; x_wconf 76' lang='lat' dir='ltr'>provisumque</span> <span class='ocrx_word' id='word_1_32' title='bbox 1026 926 1095 1003; x_wconf 85' lang='lat' dir='ltr'>tuit,</span> <span class='ocrx_word' id='word_1_33' title='bbox 1111 927 1205 1003; x_wconf 84' lang='lat' dir='ltr'>utqui</span> <span class='ocrx_word' id='word_1_34' title='bbox 1217 943 1325 988; x_wconf 88' lang='lat' dir='ltr'>novum</span> <span class='ocrx_word' id='word_1_35' title='bbox 1337 942 1436 988; x_wconf 90' lang='lat' dir='ltr'>rerum</span> <span class='ocrx_word' id='word_1_36' title='bbox 1449 923 1582 987; x_wconf 79' lang='lat' dir='ltr'>ordinem</span> 
     </span>
     <span class='ocr_line' id='line_1_6' title="bbox 357 1020 1581 1107; baseline -0.006 -20"><span class='ocrx_word' id='word_1_37' title='bbox 357 1027 386 1090; x_wconf 91' lang='lat' dir='ltr'>iu</span> <span class='ocrx_word' id='word_1_38' title='bbox 402 1027 489 1091; x_wconf 86' lang='lat' dir='ltr'>terris</span> <span class='ocrx_word' id='word_1_39' title='bbox 502 1033 569 1091; x_wconf 84' lang='lat' dir='ltr'>erat</span> <span class='ocrx_word' id='word_1_40' title='bbox 582 1028 800 1107; x_wconf 78' lang='lat' dir='ltr'>explicaturus,</span> <span class='ocrx_word' id='word_1_41' title='bbox 814 1042 884 1089; x_wconf 89' lang='lat' dir='ltr'>eum</span> <span class='ocrx_word' id='word_1_42' title='bbox 899 1025 937 1087; x_wconf 90' lang='lat' dir='ltr'>ad</span> <span class='ocrx_word' id='word_1_43' title='bbox 951 1025 1042 1086; x_wconf 86' lang='lat' dir='ltr'>tatem</span> <span class='ocrx_word' id='word_1_44' title='bbox 1057 1023 1146 1087; x_wconf 87' lang='lat' dir='ltr'>animi</span> <span class='ocrx_word' id='word_1_45' title='bbox 1157 1021 1351 1102; x_wconf 81' lang='lat' dir='ltr'>corporisque</span> <span class='ocrx_word' id='word_1_46' title='bbox 1364 1020 1488 1082; x_wconf 78' lang='lat' dir='ltr'>sormam</span> <span class='ocrx_word' id='word_1_47' title='bbox 1498 1020 1581 1081; x_wconf 87' lang='lat' dir='ltr'>eitin-</span> 
     </span>
     <span class='ocr_line' id='line_1_7' title="bbox 351 1111 1580 1202; baseline -0.013 -17"><span class='ocrx_word' id='word_1_48' title='bbox 351 1140 450 1202; x_wconf 76' lang='lat' dir='ltr'>gercs,</span> <span class='ocrx_word' id='word_1_49' title='bbox 468 1129 503 1186; x_wconf 96' lang='lat' dir='ltr'>ut</span> <span class='ocrx_word' id='word_1_50' title='bbox 515 1125 667 1189; x_wconf 84' lang='lat' dir='ltr'>uentorum</span> <span class='ocrx_word' id='word_1_51' title='bbox 682 1123 781 1185; x_wconf 88' lang='lat' dir='ltr'>sensui</span> <span class='ocrx_word' id='word_1_52' title='bbox 794 1120 918 1185; x_wconf 79' lang='lat' dir='ltr'>obuiam</span> <span class='ocrx_word' id='word_1_53' title='bbox 936 1119 1044 1181; x_wconf 85' lang='lat' dir='ltr'>taceret</span> <span class='ocrx_word' id='word_1_54' title='bbox 1059 1116 1217 1194; x_wconf 79' lang='lat' dir='ltr'>imaginem</span> <span class='ocrx_word' id='word_1_55' title='bbox 1240 1115 1429 1193; x_wconf 85' lang='lat' dir='ltr'>speciemque</span> <span class='ocrx_word' id='word_1_56' title='bbox 1445 1111 1580 1186; x_wconf 79' lang='lat' dir='ltr'>rin-totis,</span> 
     </span>
     <span class='ocr_line' id='line_1_8' title="bbox 350 1210 1581 1298; baseline -0.009 -18"><span class='ocrx_word' id='word_1_57' title='bbox 350 1236 411 1298; x_wconf 83' lang='lat' dir='ltr'>qua</span> <span class='ocrx_word' id='word_1_58' title='bbox 424 1221 559 1285; x_wconf 83' lang='lat' dir='ltr'>homines</span> <span class='ocrx_word' id='word_1_59' title='bbox 571 1218 706 1296; x_wconf 79' lang='lat' dir='ltr'>excitati,</span> <span class='ocrx_word' id='word_1_60' title='bbox 723 1217 815 1296; x_wconf 76' lang='lat' dir='ltr'>capti,</span> <span class='ocrx_word' id='word_1_61' title='bbox 831 1216 1013 1291; x_wconf 83' lang='lat' dir='ltr'>inflammati,</span> <span class='ocrx_word' id='word_1_62' title='bbox 1031 1231 1088 1276; x_wconf 90' lang='lat' dir='ltr'>non</span> <span class='ocrx_word' id='word_1_63' title='bbox 1105 1214 1145 1288; x_wconf 84' lang='lat' dir='ltr'>ui,</span> <span class='ocrx_word' id='word_1_64' title='bbox 1161 1213 1214 1274; x_wconf 88' lang='lat' dir='ltr'>sed</span> <span class='ocrx_word' id='word_1_65' title='bbox 1226 1214 1333 1291; x_wconf 87' lang='lat' dir='ltr'>sponte</span> <span class='ocrx_word' id='word_1_66' title='bbox 1349 1228 1404 1271; x_wconf 86' lang='lat' dir='ltr'>sun</span> <span class='ocrx_word' id='word_1_67' title='bbox 1418 1211 1455 1271; x_wconf 89' lang='lat' dir='ltr'>ad</span> <span class='ocrx_word' id='word_1_68' title='bbox 1467 1210 1581 1287; x_wconf 78' lang='lat' dir='ltr'>optima</span> 
     </span>
    </p>
   </div>
   <div class='ocr_carea' id='block_1_3' title="bbox 251 1298 1579 1386">
    <p class='ocr_par' dir='ltr' id='par_1_3' title="bbox 251 1298 1579 1386">
     <span class='ocr_line' id='line_1_9' title="bbox 251 1298 1579 1386; baseline -0.011 -12"><span class='ocrx_word' id='word_1_69' title='bbox 251 1298 257 1310; x_wconf 56' lang='lat'>⁸</span> <span class='ocrx_word' id='word_1_70' title='bbox 352 1310 430 1373; x_wconf 85' lang='lat' dir='ltr'>uitae</span> <span class='ocrx_word' id='word_1_71' title='bbox 443 1309 580 1371; x_wconf 83' lang='lat' dir='ltr'>instituta</span> <span class='ocrx_word' id='word_1_72' title='bbox 596 1313 817 1385; x_wconf 78' lang='lat' dir='ltr'>revocarentur.</span> <span class='ocrx_word' id='word_1_73' title='bbox 833 1309 899 1371; x_wconf 81' lang='lat' dir='ltr'>iarn</span> <span class='ocrx_word' id='word_1_74' title='bbox 916 1307 1000 1369; x_wconf 86' lang='lat' dir='ltr'>rideo</span> <span class='ocrx_word' id='word_1_75' title='bbox 1018 1312 1059 1383; x_wconf 90' lang='lat' dir='ltr'>te,</span> <span class='ocrx_word' id='word_1_76' title='bbox 1076 1304 1296 1386; x_wconf 76' lang='lat' dir='ltr'>Angustissime</span> <span class='ocrx_word' id='word_1_77' title='bbox 1307 1304 1386 1377; x_wconf 81' lang='lat' dir='ltr'>Rex,</span> <span class='ocrx_word' id='word_1_78' title='bbox 1402 1302 1579 1382; x_wconf 78' lang='lat' dir='ltr'>intelligere,</span> 
     </span>
    </p>
   </div>
   <div class='ocr_carea' id='block_1_4' title="bbox 309 1399 1580 1675">
    <p class='ocr_par' dir='ltr' id='par_1_4' title="bbox 309 1399 1580 1675">
     <span class='ocr_line' id='line_1_10' title="bbox 351 1399 1580 1492; baseline -0.004 -29"><span class='ocrx_word' id='word_1_79' title='bbox 351 1406 453 1485; x_wconf 85' lang='lat' dir='ltr'>inquo</span> <span class='ocrx_word' id='word_1_80' title='bbox 467 1407 645 1492; x_wconf 84' lang='lat' dir='ltr'>verserioco</span> <span class='ocrx_word' id='word_1_81' title='bbox 659 1405 729 1477; x_wconf 82' lang='lat' dir='ltr'>nini</span> <span class='ocrx_word' id='word_1_82' title='bbox 745 1403 940 1479; x_wconf 63' lang='lat' dir='ltr'>diffinitum</span> <span class='ocrx_word' id='word_1_83' title='bbox 958 1402 1056 1482; x_wconf 82' lang='lat' dir='ltr'>graui,</span> <span class='ocrx_word' id='word_1_84' title='bbox 1070 1405 1127 1466; x_wconf 86' lang='lat' dir='ltr'>hoc</span> <span class='ocrx_word' id='word_1_85' title='bbox 1140 1408 1200 1477; x_wconf 84' lang='lat' dir='ltr'>cst,</span> <span class='ocrx_word' id='word_1_86' title='bbox 1214 1399 1252 1467; x_wconf 86' lang='lat' dir='ltr'>de</span> <span class='ocrx_word' id='word_1_87' title='bbox 1273 1403 1332 1464; x_wconf 89' lang='lat' dir='ltr'>tuis</span> <span class='ocrx_word' id='word_1_88' title='bbox 1350 1399 1517 1462; x_wconf 81' lang='lat' dir='ltr'>virtutibus</span> <span class='ocrx_word' id='word_1_89' title='bbox 1532 1415 1580 1458; x_wconf 91' lang='lat' dir='ltr'>mc</span> 
     </span>
     <span class='ocr_line' id='line_1_11' title="bbox 309 1496 1580 1578; baseline -0.009 -10"><span class='ocrx_word' id='word_1_90' title='bbox 309 1515 313 1572; x_wconf 72' lang='lat' dir='ltr'>i</span> <span class='ocrx_word' id='word_1_91' title='bbox 348 1515 418 1567; x_wconf 68' lang='lat' dir='ltr'>csse</span> <span class='ocrx_word' id='word_1_92' title='bbox 431 1499 652 1564; x_wconf 78' lang='lat' dir='ltr'>dicturumsod</span> <span class='ocrx_word' id='word_1_93' title='bbox 666 1499 801 1578; x_wconf 84' lang='lat' dir='ltr'>quumvis</span> <span class='ocrx_word' id='word_1_94' title='bbox 815 1498 864 1561; x_wconf 88' lang='lat' dir='ltr'>hic</span> <span class='ocrx_word' id='word_1_95' title='bbox 879 1501 931 1561; x_wconf 87' lang='lat' dir='ltr'>tua</span> <span class='ocrx_word' id='word_1_96' title='bbox 945 1497 1105 1559; x_wconf 85' lang='lat' dir='ltr'>erubescat</span> <span class='ocrx_word' id='word_1_97' title='bbox 1116 1496 1272 1566; x_wconf 86' lang='lat' dir='ltr'>modestia,</span> <span class='ocrx_word' id='word_1_98' title='bbox 1284 1511 1320 1557; x_wconf 83' lang='lat' dir='ltr'>ea</span> <span class='ocrx_word' id='word_1_99' title='bbox 1330 1496 1404 1556; x_wconf 88' lang='lat' dir='ltr'>adeo</span> <span class='ocrx_word' id='word_1_100' title='bbox 1417 1512 1472 1556; x_wconf 92' lang='lat' dir='ltr'>nou</span> <span class='ocrx_word' id='word_1_101' title='bbox 1483 1511 1530 1555; x_wconf 91' lang='lat' dir='ltr'>me</span> <span class='ocrx_word' id='word_1_102' title='bbox 1541 1497 1580 1556; x_wconf 89' lang='lat' dir='ltr'>nb</span> 
     </span>
     <span class='ocr_line' id='line_1_12' title="bbox 351 1579 1579 1675; baseline -0.006 -17"><span class='ocrx_word' id='word_1_103' title='bbox 351 1594 484 1675; x_wconf 86' lang='lat' dir='ltr'>incoepto</span> <span class='ocrx_word' id='word_1_104' title='bbox 498 1597 641 1669; x_wconf 82' lang='lat' dir='ltr'>deterret,</span> <span class='ocrx_word' id='word_1_105' title='bbox 653 1595 723 1675; x_wconf 87' lang='lat' dir='ltr'>quin</span> <span class='ocrx_word' id='word_1_106' title='bbox 735 1579 869 1674; x_wconf 75' lang='lat' dir='ltr'>inpertit,</span> <span class='ocrx_word' id='word_1_107' title='bbox 884 1599 916 1658; x_wconf 90' lang='lat' dir='ltr'>ut</span> <span class='ocrx_word' id='word_1_108' title='bbox 928 1594 1015 1657; x_wconf 91' lang='lat' dir='ltr'>istinc</span> <span class='ocrx_word' id='word_1_109' title='bbox 1026 1595 1124 1659; x_wconf 71' lang='lat' dir='ltr'>aanor</span> <span class='ocrx_word' id='word_1_110' title='bbox 1135 1593 1229 1672; x_wconf 88' lang='lat' dir='ltr'>prima</span> <span class='ocrx_word' id='word_1_111' title='bbox 1238 1609 1353 1656; x_wconf 87' lang='lat' dir='ltr'>sumam</span> <span class='ocrx_word' id='word_1_112' title='bbox 1364 1591 1499 1654; x_wconf 84' lang='lat' dir='ltr'>exordia.</span> <span class='ocrx_word' id='word_1_113' title='bbox 1508 1591 1579 1652; x_wconf 86' lang='lat' dir='ltr'>Nam</span> 
     </span>
    </p>
   </div>
   <div class='ocr_carea' id='block_1_5' title="bbox 341 1784 1581 4937">
    <p class='ocr_par' dir='ltr' id='par_1_5' title="bbox 341 1784 1581 4937">
     <span class='ocr_line' id='line_1_13' title="bbox 351 1784 1581 1867; baseline -0.003 -19"><span class='ocrx_word' id='word_1_114' title='bbox 351 1785 436 1850; x_wconf 78' lang='lat' dir='ltr'>sinae</span> <span class='ocrx_word' id='word_1_115' title='bbox 444 1787 547 1850; x_wconf 82' lang='lat' dir='ltr'>indolis</span> <span class='ocrx_word' id='word_1_116' title='bbox 553 1787 946 1867; x_wconf 74' lang='lat' dir='ltr'>specimeneotenrunnue</span> <span class='ocrx_word' id='word_1_117' title='bbox 958 1789 1077 1851; x_wconf 90' lang='lat' dir='ltr'>tuarum</span> <span class='ocrx_word' id='word_1_118' title='bbox 1090 1788 1235 1850; x_wconf 83' lang='lat' dir='ltr'>uirtutum</span> <span class='ocrx_word' id='word_1_119' title='bbox 1247 1785 1406 1848; x_wconf 80' lang='lat' dir='ltr'>maximum</span> <span class='ocrx_word' id='word_1_120' title='bbox 1416 1784 1581 1845; x_wconf 88' lang='lat' dir='ltr'>documen·</span> 
     </span>
     <span class='ocr_line' id='line_1_14' title="bbox 353 1877 1577 1961; baseline -0.002 -22"><span class='ocrx_word' id='word_1_121' title='bbox 353 1883 429 1942; x_wconf 89' lang='lat' dir='ltr'>tum.</span> <span class='ocrx_word' id='word_1_122' title='bbox 447 1880 554 1960; x_wconf 70' lang='lat' dir='ltr'>Etouis</span> <span class='ocrx_word' id='word_1_123' title='bbox 570 1900 641 1951; x_wconf 90' lang='lat' dir='ltr'>sane</span> <span class='ocrx_word' id='word_1_124' title='bbox 658 1885 805 1961; x_wconf 84' lang='lat' dir='ltr'>temperet</span> <span class='ocrx_word' id='word_1_125' title='bbox 821 1881 970 1957; x_wconf 83' lang='lat' dir='ltr'>laudibus,</span> <span class='ocrx_word' id='word_1_126' title='bbox 988 1899 1057 1943; x_wconf 86' lang='lat' dir='ltr'>curn</span> <span class='ocrx_word' id='word_1_127' title='bbox 1071 1881 1161 1960; x_wconf 86' lang='lat' dir='ltr'>cujus</span> <span class='ocrx_word' id='word_1_128' title='bbox 1175 1880 1291 1957; x_wconf 80' lang='lat' dir='ltr'>iegibus</span> <span class='ocrx_word' id='word_1_129' title='bbox 1315 1879 1459 1946; x_wconf 89' lang='lat' dir='ltr'>innumeri</span> <span class='ocrx_word' id='word_1_130' title='bbox 1474 1877 1577 1956; x_wconf 91' lang='lat' dir='ltr'>popnti</span> 
     </span>
     <span class='ocr_line' id='line_1_15' title="bbox 349 1976 1581 2060; baseline -0.006 -16"><span class='ocrx_word' id='word_1_131' title='bbox 349 1996 385 2044; x_wconf 83' lang='lat' dir='ltr'>uc</span> <span class='ocrx_word' id='word_1_132' title='bbox 398 1984 505 2059; x_wconf 81' lang='lat' dir='ltr'>gentes</span> <span class='ocrx_word' id='word_1_133' title='bbox 521 1987 635 2059; x_wconf 79' lang='lat' dir='ltr'>parent,</span> <span class='ocrx_word' id='word_1_134' title='bbox 648 1984 699 2060; x_wconf 92' lang='lat' dir='ltr'>qui</span> <span class='ocrx_word' id='word_1_135' title='bbox 710 2001 803 2060; x_wconf 90' lang='lat' dir='ltr'>supru</span> <span class='ocrx_word' id='word_1_136' title='bbox 817 1982 898 2059; x_wconf 81' lang='lat' dir='ltr'>teges</span> <span class='ocrx_word' id='word_1_137' title='bbox 909 1981 1034 2055; x_wconf 75' lang='lat' dir='ltr'>enrrinet,</span> <span class='ocrx_word' id='word_1_138' title='bbox 1056 1981 1105 2042; x_wconf 84' lang='lat' dir='ltr'>cui</span> <span class='ocrx_word' id='word_1_139' title='bbox 1117 1979 1261 2059; x_wconf 88' lang='lat' dir='ltr'>quicquid</span> <span class='ocrx_word' id='word_1_140' title='bbox 1273 1980 1384 2058; x_wconf 83' lang='lat' dir='ltr'>piacet,</span> <span class='ocrx_word' id='word_1_141' title='bbox 1396 1978 1461 2040; x_wconf 89' lang='lat' dir='ltr'>abit</span> <span class='ocrx_word' id='word_1_142' title='bbox 1473 1979 1501 2037; x_wconf 95' lang='lat' dir='ltr'>in</span> <span class='ocrx_word' id='word_1_143' title='bbox 1514 1976 1581 2060; x_wconf 87' lang='lat' dir='ltr'>jus·</span> 
     </span>
     <span class='ocr_line' id='line_1_16' title="bbox 347 2063 1581 2159; baseline -0.005 -21"><span class='ocrx_word' id='word_1_144' title='bbox 347 2094 380 2148; x_wconf 86' lang='lat' dir='ltr'>sn</span> <span class='ocrx_word' id='word_1_145' title='bbox 396 2079 506 2157; x_wconf 79' lang='lat' dir='ltr'>legum,</span> <span class='ocrx_word' id='word_1_146' title='bbox 521 2099 589 2143; x_wconf 85' lang='lat' dir='ltr'>curn</span> <span class='ocrx_word' id='word_1_147' title='bbox 605 2081 715 2142; x_wconf 86' lang='lat' dir='ltr'>viderit</span> <span class='ocrx_word' id='word_1_148' title='bbox 729 2082 777 2143; x_wconf 83' lang='lat' dir='ltr'>vet</span> <span class='ocrx_word' id='word_1_149' title='bbox 788 2083 824 2145; x_wconf 84' lang='lat' dir='ltr'>ad</span> <span class='ocrx_word' id='word_1_150' title='bbox 840 2063 1030 2158; x_wconf 84' lang='lat' dir='ltr'>importunas</span> <span class='ocrx_word' id='word_1_151' title='bbox 1047 2081 1215 2159; x_wconf 81' lang='lat' dir='ltr'>supplicum</span> <span class='ocrx_word' id='word_1_152' title='bbox 1230 2096 1342 2156; x_wconf 87' lang='lat' dir='ltr'>preces,</span> <span class='ocrx_word' id='word_1_153' title='bbox 1360 2078 1407 2138; x_wconf 79' lang='lat' dir='ltr'>net</span> <span class='ocrx_word' id='word_1_154' title='bbox 1419 2076 1455 2136; x_wconf 85' lang='lat' dir='ltr'>ad</span> <span class='ocrx_word' id='word_1_155' title='bbox 1468 2091 1581 2153; x_wconf 86' lang='lat' dir='ltr'>oppor-</span> 
     </span>
     <span class='ocr_line' id='line_1_17' title="bbox 349 2165 1580 2255; baseline -0.002 -24"><span class='ocrx_word' id='word_1_156' title='bbox 349 2165 436 2233; x_wconf 86' lang='lat' dir='ltr'>tunas</span> <span class='ocrx_word' id='word_1_157' title='bbox 450 2190 607 2250; x_wconf 70' lang='lat' dir='ltr'>procerum</span> <span class='ocrx_word' id='word_1_158' title='bbox 624 2181 833 2254; x_wconf 76' lang='lat' dir='ltr'>suggestiones</span> <span class='ocrx_word' id='word_1_159' title='bbox 847 2171 1027 2241; x_wconf 82' lang='lat' dir='ltr'>erubuisse?</span> <span class='ocrx_word' id='word_1_160' title='bbox 1046 2180 1088 2237; x_wconf 84' lang='lat' dir='ltr'>tin</span> <span class='ocrx_word' id='word_1_161' title='bbox 1102 2177 1170 2254; x_wconf 85' lang='lat' dir='ltr'>qrris</span> <span class='ocrx_word' id='word_1_162' title='bbox 1186 2180 1216 2234; x_wconf 89' lang='lat' dir='ltr'>te</span> <span class='ocrx_word' id='word_1_163' title='bbox 1230 2173 1327 2255; x_wconf 85' lang='lat' dir='ltr'>major</span> <span class='ocrx_word' id='word_1_164' title='bbox 1336 2171 1434 2251; x_wconf 84' lang='lat' dir='ltr'>adest,</span> <span class='ocrx_word' id='word_1_165' title='bbox 1446 2169 1538 2255; x_wconf 70' lang='lat' dir='ltr'>eujus</span> <span class='ocrx_word' id='word_1_166' title='bbox 1550 2173 1580 2229; x_wconf 90' lang='lat' dir='ltr'>te</span> 
     </span>
     <span class='ocr_line' id='line_1_18' title="bbox 350 2263 1580 2351; baseline -0.002 -22"><span class='ocrx_word' id='word_1_167' title='bbox 350 2263 481 2345; x_wconf 84' lang='lat' dir='ltr'>pudeat?</span> <span class='ocrx_word' id='word_1_168' title='bbox 493 2271 580 2330; x_wconf 78' lang='lat' dir='ltr'>Certo</span> <span class='ocrx_word' id='word_1_169' title='bbox 594 2272 736 2349; x_wconf 82' lang='lat' dir='ltr'>majorem</span> <span class='ocrx_word' id='word_1_170' title='bbox 754 2277 783 2334; x_wconf 92' lang='lat' dir='ltr'>te</span> <span class='ocrx_word' id='word_1_171' title='bbox 798 2272 881 2337; x_wconf 84' lang='lat' dir='ltr'>uidet</span> <span class='ocrx_word' id='word_1_172' title='bbox 895 2273 941 2332; x_wconf 87' lang='lat' dir='ltr'>sot</span> <span class='ocrx_word' id='word_1_173' title='bbox 957 2271 1112 2334; x_wconf 89' lang='lat' dir='ltr'>neminem.</span> <span class='ocrx_word' id='word_1_174' title='bbox 1129 2269 1226 2351; x_wconf 84' lang='lat' dir='ltr'>Cujus</span> <span class='ocrx_word' id='word_1_175' title='bbox 1239 2272 1331 2348; x_wconf 84' lang='lat' dir='ltr'>igitur</span> <span class='ocrx_word' id='word_1_176' title='bbox 1348 2265 1462 2347; x_wconf 81' lang='lat' dir='ltr'>pudet?</span> <span class='ocrx_word' id='word_1_177' title='bbox 1478 2268 1522 2328; x_wconf 89' lang='lat' dir='ltr'>tui</span> <span class='ocrx_word' id='word_1_178' title='bbox 1534 2269 1580 2344; x_wconf 90' lang='lat' dir='ltr'>ip·</span> 
     </span>
     <span class='ocr_line' id='line_1_19' title="bbox 348 2364 1578 2446; baseline -0.001 -20"><span class='ocrx_word' id='word_1_179' title='bbox 348 2364 422 2429; x_wconf 89' lang='lat' dir='ltr'>sius.</span> <span class='ocrx_word' id='word_1_180' title='bbox 434 2368 459 2428; x_wconf 91' lang='lat'>0</span> <span class='ocrx_word' id='word_1_181' title='bbox 475 2367 713 2431; x_wconf 85' lang='lat' dir='ltr'>robustissimum</span> <span class='ocrx_word' id='word_1_182' title='bbox 726 2374 949 2446; x_wconf 76' lang='lat' dir='ltr'>argumentum:</span> <span class='ocrx_word' id='word_1_183' title='bbox 965 2375 996 2429; x_wconf 87' lang='lat' dir='ltr'>te</span> <span class='ocrx_word' id='word_1_184' title='bbox 1009 2368 1090 2431; x_wconf 90' lang='lat' dir='ltr'>ittum</span> <span class='ocrx_word' id='word_1_185' title='bbox 1100 2385 1179 2441; x_wconf 87' lang='lat' dir='ltr'>esse,</span> <span class='ocrx_word' id='word_1_186' title='bbox 1193 2369 1245 2445; x_wconf 87' lang='lat' dir='ltr'>qni</span> <span class='ocrx_word' id='word_1_187' title='bbox 1263 2368 1292 2428; x_wconf 92' lang='lat' dir='ltr'>id</span> <span class='ocrx_word' id='word_1_188' title='bbox 1304 2368 1481 2444; x_wconf 82' lang='lat' dir='ltr'>sotusagns,</span> <span class='ocrx_word' id='word_1_189' title='bbox 1495 2365 1578 2444; x_wconf 82' lang='lat' dir='ltr'>quod</span> 
     </span>
     <span class='ocr_line' id='line_1_20' title="bbox 349 2460 1574 2542; baseline 0.003 -24"><span class='ocrx_word' id='word_1_190' title='bbox 349 2473 454 2536; x_wconf 80' lang='lat' dir='ltr'>ageres</span> <span class='ocrx_word' id='word_1_191' title='bbox 466 2475 566 2521; x_wconf 86' lang='lat' dir='ltr'>coram</span> <span class='ocrx_word' id='word_1_192' title='bbox 579 2463 656 2524; x_wconf 84' lang='lat' dir='ltr'>sotei</span> <span class='ocrx_word' id='word_1_193' title='bbox 672 2462 727 2524; x_wconf 86' lang='lat' dir='ltr'>Sed</span> <span class='ocrx_word' id='word_1_194' title='bbox 742 2463 828 2541; x_wconf 82' lang='lat' dir='ltr'>cujus</span> <span class='ocrx_word' id='word_1_195' title='bbox 843 2464 884 2529; x_wconf 86' lang='lat' dir='ltr'>roi</span> <span class='ocrx_word' id='word_1_196' title='bbox 900 2464 1006 2542; x_wconf 89' lang='lat' dir='ltr'>pudet,</span> <span class='ocrx_word' id='word_1_197' title='bbox 1024 2463 1075 2523; x_wconf 87' lang='lat' dir='ltr'>ubi</span> <span class='ocrx_word' id='word_1_198' title='bbox 1092 2463 1206 2529; x_wconf 74' lang='lat' dir='ltr'>anutium</span> <span class='ocrx_word' id='word_1_199' title='bbox 1221 2463 1275 2525; x_wconf 82' lang='lat' dir='ltr'>abs</span> <span class='ocrx_word' id='word_1_200' title='bbox 1292 2467 1321 2523; x_wconf 87' lang='lat' dir='ltr'>te</span> <span class='ocrx_word' id='word_1_201' title='bbox 1338 2460 1520 2540; x_wconf 74' lang='lat' dir='ltr'>peccatum?</span> <span class='ocrx_word' id='word_1_202' title='bbox 1534 2460 1574 2522; x_wconf 83' lang='lat' dir='ltr'>ir-</span> 
     </span>
     <span class='ocr_line' id='line_1_21' title="bbox 349 2551 1574 2634; baseline -0.001 -24"><span class='ocrx_word' id='word_1_203' title='bbox 349 2551 441 2621; x_wconf 78' lang='lat' dir='ltr'>ritum</span> <span class='ocrx_word' id='word_1_204' title='bbox 455 2553 499 2614; x_wconf 88' lang='lat' dir='ltr'>tui</span> <span class='ocrx_word' id='word_1_205' title='bbox 514 2553 657 2630; x_wconf 91' lang='lat' dir='ltr'>podorem</span> <span class='ocrx_word' id='word_1_206' title='bbox 673 2560 777 2633; x_wconf 89' lang='lat' dir='ltr'>putare</span> <span class='ocrx_word' id='word_1_207' title='bbox 793 2557 887 2620; x_wconf 84' lang='lat' dir='ltr'>netas.</span> <span class='ocrx_word' id='word_1_208' title='bbox 906 2556 999 2634; x_wconf 79' lang='lat' dir='ltr'>igitur</span> <span class='ocrx_word' id='word_1_209' title='bbox 1015 2558 1073 2616; x_wconf 88' lang='lat' dir='ltr'>tam</span> <span class='ocrx_word' id='word_1_210' title='bbox 1088 2555 1221 2632; x_wconf 75' lang='lat' dir='ltr'>perfecte</span> <span class='ocrx_word' id='word_1_211' title='bbox 1235 2554 1329 2614; x_wconf 86' lang='lat' dir='ltr'>vitam</span> <span class='ocrx_word' id='word_1_212' title='bbox 1350 2551 1521 2626; x_wconf 72' lang='lat' dir='ltr'>instituisti,</span> <span class='ocrx_word' id='word_1_213' title='bbox 1538 2554 1574 2612; x_wconf 87' lang='lat' dir='ltr'>ut</span> 
     </span>
     <span class='ocr_line' id='line_1_22' title="bbox 347 2645 1576 2729; baseline 0 -23"><span class='ocrx_word' id='word_1_214' title='bbox 347 2645 386 2707; x_wconf 88' lang='lat' dir='ltr'>ab</span> <span class='ocrx_word' id='word_1_215' title='bbox 397 2661 433 2708; x_wconf 88' lang='lat' dir='ltr'>ea</span> <span class='ocrx_word' id='word_1_216' title='bbox 447 2662 575 2724; x_wconf 79' lang='lat' dir='ltr'>errasse,</span> <span class='ocrx_word' id='word_1_217' title='bbox 592 2649 692 2726; x_wconf 77' lang='lat' dir='ltr'>tegam</span> <span class='ocrx_word' id='word_1_218' title='bbox 705 2651 855 2724; x_wconf 78' lang='lat' dir='ltr'>dominas,</span> <span class='ocrx_word' id='word_1_219' title='bbox 871 2651 1031 2729; x_wconf 75' lang='lat' dir='ltr'>inteiligas,</span> <span class='ocrx_word' id='word_1_220' title='bbox 1049 2649 1100 2711; x_wconf 88' lang='lat' dir='ltr'>ubi</span> <span class='ocrx_word' id='word_1_221' title='bbox 1115 2666 1192 2725; x_wconf 84' lang='lat' dir='ltr'>uos,</span> <span class='ocrx_word' id='word_1_222' title='bbox 1217 2650 1315 2728; x_wconf 78' lang='lat' dir='ltr'>legum</span> <span class='ocrx_word' id='word_1_223' title='bbox 1336 2647 1477 2721; x_wconf 84' lang='lat' dir='ltr'>seruitia,</span> <span class='ocrx_word' id='word_1_224' title='bbox 1502 2647 1576 2708; x_wconf 81' lang='lat' dir='ltr'>nituit</span> 
     </span>
     <span class='ocr_line' id='line_1_23' title="bbox 348 2741 1579 2832; baseline -0.003 -27"><span class='ocrx_word' id='word_1_225' title='bbox 348 2741 527 2807; x_wconf 75' lang='lat' dir='ltr'>declinatum</span> <span class='ocrx_word' id='word_1_226' title='bbox 543 2750 694 2824; x_wconf 87' lang='lat' dir='ltr'>putamus.</span> <span class='ocrx_word' id='word_1_227' title='bbox 711 2747 859 2832; x_wconf 67' lang='lat' dir='ltr'>[tenuibus</span> <span class='ocrx_word' id='word_1_228' title='bbox 875 2751 1022 2813; x_wconf 84' lang='lat' dir='ltr'>humanae</span> <span class='ocrx_word' id='word_1_229' title='bbox 1033 2745 1154 2811; x_wconf 70' lang='lat' dir='ltr'>virtutis</span> <span class='ocrx_word' id='word_1_230' title='bbox 1166 2747 1312 2822; x_wconf 70' lang='lat' dir='ltr'>crunnus</span> <span class='ocrx_word' id='word_1_231' title='bbox 1327 2751 1393 2806; x_wconf 87' lang='lat' dir='ltr'>tuas</span> <span class='ocrx_word' id='word_1_232' title='bbox 1408 2743 1579 2805; x_wconf 85' lang='lat' dir='ltr'>illustrare·</span> 
     </span>
     <span class='ocr_line' id='line_1_24' title="bbox 352 2834 1577 2923; baseline 0.001 -28"><span class='ocrx_word' id='word_1_233' title='bbox 352 2836 448 2899; x_wconf 84' lang='lat' dir='ltr'>uimus</span> <span class='ocrx_word' id='word_1_234' title='bbox 464 2837 577 2916; x_wconf 83' lang='lat' dir='ltr'>laudes,</span> <span class='ocrx_word' id='word_1_235' title='bbox 593 2859 660 2904; x_wconf 92' lang='lat' dir='ltr'>cum</span> <span class='ocrx_word' id='word_1_236' title='bbox 677 2843 728 2905; x_wconf 84' lang='lat' dir='ltr'>uiri</span> <span class='ocrx_word' id='word_1_237' title='bbox 744 2845 855 2907; x_wconf 84' lang='lat' dir='ltr'>uirtute</span> <span class='ocrx_word' id='word_1_238' title='bbox 865 2842 1034 2923; x_wconf 81' lang='lat' dir='ltr'>grauissimi</span> <span class='ocrx_word' id='word_1_239' title='bbox 1048 2858 1152 2906; x_wconf 85' lang='lat' dir='ltr'>eorum</span> <span class='ocrx_word' id='word_1_240' title='bbox 1168 2839 1223 2902; x_wconf 87' lang='lat' dir='ltr'>sibi</span> <span class='ocrx_word' id='word_1_241' title='bbox 1237 2840 1310 2902; x_wconf 88' lang='lat' dir='ltr'>dent</span> <span class='ocrx_word' id='word_1_242' title='bbox 1323 2839 1449 2914; x_wconf 86' lang='lat' dir='ltr'>ueniam,</span> <span class='ocrx_word' id='word_1_243' title='bbox 1466 2836 1494 2898; x_wconf 91' lang='lat' dir='ltr'>in</span> <span class='ocrx_word' id='word_1_244' title='bbox 1510 2834 1577 2914; x_wconf 86' lang='lat' dir='ltr'>qui·</span> 
     </span>
     <span class='ocr_line' id='line_1_25' title="bbox 352 2933 1577 3016; baseline 0.001 -23"><span class='ocrx_word' id='word_1_245' title='bbox 352 2933 409 3003; x_wconf 84' lang='lat' dir='ltr'>bus</span> <span class='ocrx_word' id='word_1_246' title='bbox 423 2936 491 2996; x_wconf 88' lang='lat' dir='ltr'>tute</span> <span class='ocrx_word' id='word_1_247' title='bbox 507 2936 558 2997; x_wconf 85' lang='lat' dir='ltr'>tibi</span> <span class='ocrx_word' id='word_1_248' title='bbox 574 2953 631 2999; x_wconf 84' lang='lat' dir='ltr'>aron</span> <span class='ocrx_word' id='word_1_249' title='bbox 646 2935 769 3016; x_wconf 83' lang='lat' dir='ltr'>parcas?</span> <span class='ocrx_word' id='word_1_250' title='bbox 783 2940 941 3003; x_wconf 70' lang='lat' dir='ltr'>sustinuero</span> <span class='ocrx_word' id='word_1_251' title='bbox 955 2943 1071 3006; x_wconf 79' lang='lat' dir='ltr'>trustra</span> <span class='ocrx_word' id='word_1_252' title='bbox 1079 2955 1222 3001; x_wconf 84' lang='lat' dir='ltr'>conamur</span> <span class='ocrx_word' id='word_1_253' title='bbox 1239 2937 1377 3000; x_wconf 84' lang='lat' dir='ltr'>humanis</span> <span class='ocrx_word' id='word_1_254' title='bbox 1392 2940 1422 2996; x_wconf 92' lang='lat' dir='ltr'>te</span> <span class='ocrx_word' id='word_1_255' title='bbox 1437 2933 1577 2996; x_wconf 84' lang='lat' dir='ltr'>laudibus</span> 
     </span>
     <span class='ocr_line' id='line_1_26' title="bbox 347 3029 1576 3112; baseline -0.002 -22"><span class='ocrx_word' id='word_1_256' title='bbox 347 3041 505 3105; x_wconf 78' lang='lat' dir='ltr'>exornare,</span> <span class='ocrx_word' id='word_1_257' title='bbox 520 3029 571 3106; x_wconf 83' lang='lat' dir='ltr'>qui</span> <span class='ocrx_word' id='word_1_258' title='bbox 588 3047 679 3092; x_wconf 78' lang='lat' dir='ltr'>arnum</span> <span class='ocrx_word' id='word_1_259' title='bbox 696 3037 725 3093; x_wconf 88' lang='lat' dir='ltr'>te</span> <span class='ocrx_word' id='word_1_260' title='bbox 740 3037 895 3112; x_wconf 88' lang='lat' dir='ltr'>majorem,</span> <span class='ocrx_word' id='word_1_261' title='bbox 913 3035 995 3097; x_wconf 85' lang='lat' dir='ltr'>uitae</span> <span class='ocrx_word' id='word_1_262' title='bbox 1009 3034 1182 3111; x_wconf 84' lang='lat' dir='ltr'>exemptum</span> <span class='ocrx_word' id='word_1_263' title='bbox 1198 3030 1395 3110; x_wconf 82' lang='lat' dir='ltr'>proposuisti,</span> <span class='ocrx_word' id='word_1_264' title='bbox 1411 3029 1516 3091; x_wconf 86' lang='lat' dir='ltr'>Deum.</span> <span class='ocrx_word' id='word_1_265' title='bbox 1533 3029 1576 3088; x_wconf 86' lang='lat' dir='ltr'>td-</span> 
     </span>
     <span class='ocr_line' id='line_1_27' title="bbox 347 3120 1576 3209; baseline 0.002 -28"><span class='ocrx_word' id='word_1_266' title='bbox 347 3137 406 3196; x_wconf 84' lang='lat' dir='ltr'>que</span> <span class='ocrx_word' id='word_1_267' title='bbox 420 3120 495 3184; x_wconf 88' lang='lat' dir='ltr'>adeo</span> <span class='ocrx_word' id='word_1_268' title='bbox 511 3128 559 3185; x_wconf 90' lang='lat' dir='ltr'>tua</span> <span class='ocrx_word' id='word_1_269' title='bbox 573 3127 711 3188; x_wconf 84' lang='lat' dir='ltr'>caelestis</span> <span class='ocrx_word' id='word_1_270' title='bbox 724 3145 796 3207; x_wconf 79' lang='lat' dir='ltr'>erga</span> <span class='ocrx_word' id='word_1_271' title='bbox 809 3146 878 3192; x_wconf 89' lang='lat' dir='ltr'>eum</span> <span class='ocrx_word' id='word_1_272' title='bbox 898 3132 995 3209; x_wconf 85' lang='lat' dir='ltr'>pietus</span> <span class='ocrx_word' id='word_1_273' title='bbox 1009 3128 1176 3206; x_wconf 82' lang='lat' dir='ltr'>confirmat,</span> <span class='ocrx_word' id='word_1_274' title='bbox 1193 3133 1225 3190; x_wconf 89' lang='lat' dir='ltr'>ut</span> <span class='ocrx_word' id='word_1_275' title='bbox 1242 3127 1345 3191; x_wconf 87' lang='lat' dir='ltr'>statim</span> <span class='ocrx_word' id='word_1_276' title='bbox 1360 3130 1453 3203; x_wconf 83' lang='lat' dir='ltr'>utque</span> <span class='ocrx_word' id='word_1_277' title='bbox 1468 3125 1506 3187; x_wconf 88' lang='lat' dir='ltr'>nd</span> <span class='ocrx_word' id='word_1_278' title='bbox 1522 3142 1576 3185; x_wconf 89' lang='lat' dir='ltr'>nos</span> 
     </span>
     <span class='ocr_line' id='line_1_28' title="bbox 349 3220 1570 3304; baseline 0.006 -29"><span class='ocrx_word' id='word_1_279' title='bbox 349 3233 538 3294; x_wconf 75' lang='lat' dir='ltr'>perveneras,</span> <span class='ocrx_word' id='word_1_280' title='bbox 554 3220 821 3287; x_wconf 81' lang='lat' dir='ltr'>luculentissimum</span> <span class='ocrx_word' id='word_1_281' title='bbox 844 3229 877 3286; x_wconf 90' lang='lat' dir='ltr'>et</span> <span class='ocrx_word' id='word_1_282' title='bbox 899 3226 1029 3304; x_wconf 92' lang='lat' dir='ltr'>primum</span> <span class='ocrx_word' id='word_1_283' title='bbox 1050 3225 1172 3287; x_wconf 83' lang='lat' dir='ltr'>virtutis</span> <span class='ocrx_word' id='word_1_284' title='bbox 1192 3225 1406 3288; x_wconf 86' lang='lat' dir='ltr'>documentum</span> <span class='ocrx_word' id='word_1_285' title='bbox 1425 3221 1570 3296; x_wconf 84' lang='lat' dir='ltr'>edideris,</span> 
     </span>
     <span class='ocr_line' id='line_1_29' title="bbox 347 3318 1567 3401; baseline 0.007 -28"><span class='ocrx_word' id='word_1_286' title='bbox 347 3331 440 3390; x_wconf 79' lang='lat' dir='ltr'>quarm</span> <span class='ocrx_word' id='word_1_287' title='bbox 456 3331 513 3377; x_wconf 94' lang='lat' dir='ltr'>uon</span> <span class='ocrx_word' id='word_1_288' title='bbox 528 3318 613 3396; x_wconf 71' lang='lat' dir='ltr'>tonpa</span> <span class='ocrx_word' id='word_1_289' title='bbox 629 3320 826 3400; x_wconf 75' lang='lat' dir='ltr'>nauigationis</span> <span class='ocrx_word' id='word_1_290' title='bbox 841 3324 1038 3401; x_wconf 88' lang='lat' dir='ltr'>incommoda,</span> <span class='ocrx_word' id='word_1_291' title='bbox 1055 3342 1110 3386; x_wconf 91' lang='lat' dir='ltr'>uon</span> <span class='ocrx_word' id='word_1_292' title='bbox 1129 3340 1204 3386; x_wconf 79' lang='lat' dir='ltr'>noun</span> <span class='ocrx_word' id='word_1_293' title='bbox 1219 3326 1302 3386; x_wconf 84' lang='lat' dir='ltr'>urbis</span> <span class='ocrx_word' id='word_1_294' title='bbox 1317 3324 1418 3397; x_wconf 87' lang='lat' dir='ltr'>iacies,</span> <span class='ocrx_word' id='word_1_295' title='bbox 1435 3339 1493 3384; x_wconf 93' lang='lat' dir='ltr'>non</span> <span class='ocrx_word' id='word_1_296' title='bbox 1509 3320 1567 3382; x_wconf 84' lang='lat' dir='ltr'>tre·</span> 
     </span>
     <span class='ocr_line' id='line_1_30' title="bbox 347 3411 1572 3498; baseline 0.005 -27"><span class='ocrx_word' id='word_1_297' title='bbox 347 3411 470 3487; x_wconf 85' lang='lat' dir='ltr'>quentia</span> <span class='ocrx_word' id='word_1_298' title='bbox 485 3413 645 3477; x_wconf 82' lang='lat' dir='ltr'>nobilitatis</span> <span class='ocrx_word' id='word_1_299' title='bbox 658 3419 753 3481; x_wconf 84' lang='lat' dir='ltr'>udicio</span> <span class='ocrx_word' id='word_1_300' title='bbox 767 3420 966 3497; x_wconf 81' lang='lat' dir='ltr'>tequicquam</span> <span class='ocrx_word' id='word_1_301' title='bbox 983 3425 1097 3482; x_wconf 87' lang='lat' dir='ltr'>morata</span> <span class='ocrx_word' id='word_1_302' title='bbox 1118 3426 1200 3497; x_wconf 91' lang='lat' dir='ltr'>sunt,</span> <span class='ocrx_word' id='word_1_303' title='bbox 1218 3421 1289 3498; x_wconf 85' lang='lat' dir='ltr'>quin</span> <span class='ocrx_word' id='word_1_304' title='bbox 1312 3423 1393 3481; x_wconf 86' lang='lat' dir='ltr'>recta</span> <span class='ocrx_word' id='word_1_305' title='bbox 1414 3418 1441 3480; x_wconf 87' lang='lat' dir='ltr'>in</span> <span class='ocrx_word' id='word_1_306' title='bbox 1456 3417 1572 3496; x_wconf 81' lang='lat' dir='ltr'>regium</span> 
     </span>
     <span class='ocr_line' id='line_1_31' title="bbox 348 3511 1572 3598; baseline 0.007 -30"><span class='ocrx_word' id='word_1_307' title='bbox 348 3511 501 3588; x_wconf 81' lang='lat' dir='ltr'>sacellum,</span> <span class='ocrx_word' id='word_1_308' title='bbox 518 3530 552 3573; x_wconf 88' lang='lat' dir='ltr'>nc</span> <span class='ocrx_word' id='word_1_309' title='bbox 567 3533 658 3592; x_wconf 90' lang='lat' dir='ltr'>paene</span> <span class='ocrx_word' id='word_1_310' title='bbox 674 3518 757 3578; x_wconf 87' lang='lat' dir='ltr'>sotus</span> <span class='ocrx_word' id='word_1_311' title='bbox 771 3520 964 3591; x_wconf 83' lang='lat' dir='ltr'>concederes,</span> <span class='ocrx_word' id='word_1_312' title='bbox 979 3523 1012 3580; x_wconf 92' lang='lat' dir='ltr'>et</span> <span class='ocrx_word' id='word_1_313' title='bbox 1026 3520 1086 3581; x_wconf 81' lang='lat' dir='ltr'>lieo</span> <span class='ocrx_word' id='word_1_314' title='bbox 1098 3518 1217 3598; x_wconf 89' lang='lat' dir='ltr'>Optimo</span> <span class='ocrx_word' id='word_1_315' title='bbox 1229 3518 1359 3581; x_wconf 81' lang='lat' dir='ltr'>Maximo</span> <span class='ocrx_word' id='word_1_316' title='bbox 1372 3533 1426 3594; x_wconf 92' lang='lat' dir='ltr'>pro</span> <span class='ocrx_word' id='word_1_317' title='bbox 1437 3515 1572 3576; x_wconf 86' lang='lat' dir='ltr'>secundo</span> 
     </span>
     <span class='ocr_line' id='line_1_32' title="bbox 347 3607 1572 3693; baseline -0.005 -21"><span class='ocrx_word' id='word_1_318' title='bbox 347 3607 473 3693; x_wconf 76' lang='lat' dir='ltr'>appulsu</span> <span class='ocrx_word' id='word_1_319' title='bbox 490 3613 555 3667; x_wconf 85' lang='lat' dir='ltr'>rota</span> <span class='ocrx_word' id='word_1_320' title='bbox 569 3607 710 3688; x_wconf 75' lang='lat' dir='ltr'>singutari</span> <span class='ocrx_word' id='word_1_321' title='bbox 725 3613 896 3676; x_wconf 80' lang='lat' dir='ltr'>exsolveres</span> <span class='ocrx_word' id='word_1_322' title='bbox 910 3613 1063 3676; x_wconf 83' lang='lat' dir='ltr'>castitate.</span> <span class='ocrx_word' id='word_1_323' title='bbox 1080 3614 1227 3686; x_wconf 86' lang='lat' dir='ltr'>Quantam</span> <span class='ocrx_word' id='word_1_324' title='bbox 1239 3629 1329 3690; x_wconf 88' lang='lat' dir='ltr'>porro</span> <span class='ocrx_word' id='word_1_325' title='bbox 1346 3611 1388 3672; x_wconf 93' lang='lat' dir='ltr'>tui</span> <span class='ocrx_word' id='word_1_326' title='bbox 1399 3607 1572 3670; x_wconf 83' lang='lat' dir='ltr'>admiratio·</span> 
     </span>
     <span class='ocr_line' id='line_1_33' title="bbox 346 3700 1571 3787; baseline 0.002 -28"><span class='ocrx_word' id='word_1_327' title='bbox 346 3718 414 3765; x_wconf 88' lang='lat' dir='ltr'>uem</span> <span class='ocrx_word' id='word_1_328' title='bbox 431 3700 458 3762; x_wconf 92' lang='lat' dir='ltr'>iu</span> <span class='ocrx_word' id='word_1_329' title='bbox 471 3703 575 3764; x_wconf 88' lang='lat' dir='ltr'>animis</span> <span class='ocrx_word' id='word_1_330' title='bbox 588 3704 719 3766; x_wconf 85' lang='lat' dir='ltr'>omnium</span> <span class='ocrx_word' id='word_1_331' title='bbox 734 3709 919 3786; x_wconf 62' lang='lat' dir='ltr'>excitamini</span> <span class='ocrx_word' id='word_1_332' title='bbox 934 3726 1024 3787; x_wconf 85' lang='lat' dir='ltr'>quarn</span> <span class='ocrx_word' id='word_1_333' title='bbox 1040 3709 1172 3785; x_wconf 85' lang='lat' dir='ltr'>impensa</span> <span class='ocrx_word' id='word_1_334' title='bbox 1183 3707 1283 3768; x_wconf 86' lang='lat' dir='ltr'>studia</span> <span class='ocrx_word' id='word_1_335' title='bbox 1295 3703 1430 3783; x_wconf 85' lang='lat' dir='ltr'>quotidie</span> <span class='ocrx_word' id='word_1_336' title='bbox 1442 3703 1470 3762; x_wconf 87' lang='lat' dir='ltr'>in</span> <span class='ocrx_word' id='word_1_337' title='bbox 1479 3707 1508 3761; x_wconf 86' lang='lat' dir='ltr'>te</span> <span class='ocrx_word' id='word_1_338' title='bbox 1519 3701 1571 3762; x_wconf 87' lang='lat' dir='ltr'>ud·</span> 
     </span>
     <span class='ocr_line' id='line_1_34' title="bbox 347 3797 1572 3882; baseline 0 -25"><span class='ocrx_word' id='word_1_339' title='bbox 347 3797 449 3873; x_wconf 83' lang='lat' dir='ltr'>vertis,</span> <span class='ocrx_word' id='word_1_340' title='bbox 466 3801 515 3861; x_wconf 88' lang='lat' dir='ltr'>abi</span> <span class='ocrx_word' id='word_1_341' title='bbox 532 3804 624 3864; x_wconf 81' lang='lat' dir='ltr'>deum</span> <span class='ocrx_word' id='word_1_342' title='bbox 638 3801 712 3872; x_wconf 82' lang='lat' dir='ltr'>adis,</span> <span class='ocrx_word' id='word_1_343' title='bbox 727 3807 758 3863; x_wconf 79' lang='lat' dir='ltr'>ct</span> <span class='ocrx_word' id='word_1_344' title='bbox 773 3805 865 3866; x_wconf 89' lang='lat' dir='ltr'>sacris</span> <span class='ocrx_word' id='word_1_345' title='bbox 880 3805 963 3867; x_wconf 88' lang='lat' dir='ltr'>ades:</span> <span class='ocrx_word' id='word_1_346' title='bbox 978 3822 1055 3882; x_wconf 85' lang='lat' dir='ltr'>quae</span> <span class='ocrx_word' id='word_1_347' title='bbox 1069 3805 1139 3865; x_wconf 92' lang='lat' dir='ltr'>dum</span> <span class='ocrx_word' id='word_1_348' title='bbox 1152 3804 1238 3880; x_wconf 78' lang='lat' dir='ltr'>frunt,</span> <span class='ocrx_word' id='word_1_349' title='bbox 1252 3804 1290 3863; x_wconf 90' lang='lat' dir='ltr'>ad</span> <span class='ocrx_word' id='word_1_350' title='bbox 1304 3800 1461 3863; x_wconf 83' lang='lat' dir='ltr'>cristianae</span> <span class='ocrx_word' id='word_1_351' title='bbox 1475 3800 1572 3859; x_wconf 88' lang='lat' dir='ltr'>humi·</span> 
     </span>
     <span class='ocr_line' id='line_1_35' title="bbox 349 3894 1572 3979; baseline -0.004 -21"><span class='ocrx_word' id='word_1_352' title='bbox 349 3896 440 3961; x_wconf 79' lang='lat' dir='ltr'>titatie</span> <span class='ocrx_word' id='word_1_353' title='bbox 452 3900 606 3977; x_wconf 76' lang='lat' dir='ltr'>exemplar</span> <span class='ocrx_word' id='word_1_354' title='bbox 619 3900 806 3977; x_wconf 85' lang='lat' dir='ltr'>compositus</span> <span class='ocrx_word' id='word_1_355' title='bbox 819 3919 854 3965; x_wconf 87' lang='lat' dir='ltr'>ac</span> <span class='ocrx_word' id='word_1_356' title='bbox 868 3902 1110 3979; x_wconf 82' lang='lat' dir='ltr'>uenerabundus,</span> <span class='ocrx_word' id='word_1_357' title='bbox 1126 3919 1183 3962; x_wconf 93' lang='lat' dir='ltr'>non</span> <span class='ocrx_word' id='word_1_358' title='bbox 1201 3901 1228 3961; x_wconf 87' lang='lat' dir='ltr'>in</span> <span class='ocrx_word' id='word_1_359' title='bbox 1243 3905 1372 3974; x_wconf 88' lang='lat' dir='ltr'>terrena,</span> <span class='ocrx_word' id='word_1_360' title='bbox 1387 3902 1422 3958; x_wconf 93' lang='lat' dir='ltr'>ut</span> <span class='ocrx_word' id='word_1_361' title='bbox 1437 3894 1572 3974; x_wconf 80' lang='lat' dir='ltr'>magnid-</span> 
     </span>
     <span class='ocr_line' id='line_1_36' title="bbox 346 3989 1569 4079; baseline -0.003 -24"><span class='ocrx_word' id='word_1_362' title='bbox 346 4011 393 4066; x_wconf 87' lang='lat' dir='ltr'>ca,</span> <span class='ocrx_word' id='word_1_363' title='bbox 409 3999 445 4057; x_wconf 88' lang='lat' dir='ltr'>ut</span> <span class='ocrx_word' id='word_1_364' title='bbox 458 3997 630 4074; x_wconf 85' lang='lat' dir='ltr'>conspicua,</span> <span class='ocrx_word' id='word_1_365' title='bbox 646 3998 739 4061; x_wconf 89' lang='lat' dir='ltr'>aciem</span> <span class='ocrx_word' id='word_1_366' title='bbox 756 4000 862 4079; x_wconf 77' lang='lat' dir='ltr'>dirigis</span> <span class='ocrx_word' id='word_1_367' title='bbox 875 4002 1046 4074; x_wconf 82' lang='lat' dir='ltr'>uenturum,</span> <span class='ocrx_word' id='word_1_368' title='bbox 1062 4000 1116 4061; x_wconf 91' lang='lat' dir='ltr'>sed</span> <span class='ocrx_word' id='word_1_369' title='bbox 1132 4016 1223 4060; x_wconf 90' lang='lat' dir='ltr'>unum</span> <span class='ocrx_word' id='word_1_370' title='bbox 1240 4000 1332 4060; x_wconf 85' lang='lat' dir='ltr'>Deum</span> <span class='ocrx_word' id='word_1_371' title='bbox 1347 3989 1569 4071; x_wconf 83' lang='lat' dir='ltr'>contemptoris:</span> 
     </span>
     <span class='ocr_line' id='line_1_37' title="bbox 344 4088 1571 4171; baseline -0.007 -23"><span class='ocrx_word' id='word_1_372' title='bbox 344 4105 403 4149; x_wconf 92' lang='lat' dir='ltr'>non</span> <span class='ocrx_word' id='word_1_373' title='bbox 425 4088 479 4150; x_wconf 85' lang='lat' dir='ltr'>ntia</span> <span class='ocrx_word' id='word_1_374' title='bbox 500 4088 585 4161; x_wconf 83' lang='lat' dir='ltr'>dicis,</span> <span class='ocrx_word' id='word_1_375' title='bbox 602 4106 691 4166; x_wconf 82' lang='lat' dir='ltr'>quam</span> <span class='ocrx_word' id='word_1_376' title='bbox 707 4092 783 4152; x_wconf 91' lang='lat' dir='ltr'>bona</span> <span class='ocrx_word' id='word_1_377' title='bbox 801 4093 900 4153; x_wconf 78' lang='lat' dir='ltr'>uerba.</span> <span class='ocrx_word' id='word_1_378' title='bbox 917 4094 1019 4171; x_wconf 82' lang='lat' dir='ltr'>ltaque</span> <span class='ocrx_word' id='word_1_379' title='bbox 1035 4094 1158 4169; x_wconf 80' lang='lat' dir='ltr'>grauius</span> <span class='ocrx_word' id='word_1_380' title='bbox 1173 4109 1226 4170; x_wconf 92' lang='lat' dir='ltr'>per</span> <span class='ocrx_word' id='word_1_381' title='bbox 1242 4093 1284 4162; x_wconf 89' lang='lat' dir='ltr'>te,</span> <span class='ocrx_word' id='word_1_382' title='bbox 1301 4103 1390 4163; x_wconf 87' lang='lat' dir='ltr'>quam</span> <span class='ocrx_word' id='word_1_383' title='bbox 1407 4099 1571 4161; x_wconf 77' lang='lat' dir='ltr'>pensauer-</span> 
     </span>
     <span class='ocr_line' id='line_1_38' title="bbox 346 4183 1571 4264; baseline -0.003 -21"><span class='ocrx_word' id='word_1_384' title='bbox 346 4183 451 4245; x_wconf 88' lang='lat' dir='ltr'>dotum</span> <span class='ocrx_word' id='word_1_385' title='bbox 467 4185 643 4260; x_wconf 86' lang='lat' dir='ltr'>quemlihet,</span> <span class='ocrx_word' id='word_1_386' title='bbox 661 4188 707 4248; x_wconf 84' lang='lat' dir='ltr'>ret</span> <span class='ocrx_word' id='word_1_387' title='bbox 721 4189 907 4264; x_wconf 81' lang='lat' dir='ltr'>pontificum,</span> <span class='ocrx_word' id='word_1_388' title='bbox 924 4191 1017 4251; x_wconf 83' lang='lat' dir='ltr'>Deum</span> <span class='ocrx_word' id='word_1_389' title='bbox 1031 4188 1130 4251; x_wconf 87' lang='lat' dir='ltr'>edocti</span> <span class='ocrx_word' id='word_1_390' title='bbox 1145 4202 1270 4261; x_wconf 60' lang='lat' dir='ltr'>sumusp</span> <span class='ocrx_word' id='word_1_391' title='bbox 1285 4201 1353 4245; x_wconf 86' lang='lat' dir='ltr'>curn</span> <span class='ocrx_word' id='word_1_392' title='bbox 1368 4200 1385 4243; x_wconf 89' lang='lat' dir='ltr'>a</span> <span class='ocrx_word' id='word_1_393' title='bbox 1400 4187 1447 4254; x_wconf 88' lang='lat' dir='ltr'>te,</span> <span class='ocrx_word' id='word_1_394' title='bbox 1464 4193 1571 4257; x_wconf 79' lang='lat' dir='ltr'>regum</span> 
     </span>
     <span class='ocr_line' id='line_1_39' title="bbox 343 4275 1571 4363; baseline -0.004 -25"><span class='ocrx_word' id='word_1_395' title='bbox 343 4278 485 4353; x_wconf 86' lang='lat' dir='ltr'>maximo,</span> <span class='ocrx_word' id='word_1_396' title='bbox 504 4283 584 4343; x_wconf 89' lang='lat' dir='ltr'>tanta</span> <span class='ocrx_word' id='word_1_397' title='bbox 599 4283 713 4345; x_wconf 81' lang='lat' dir='ltr'>cultum</span> <span class='ocrx_word' id='word_1_398' title='bbox 728 4284 867 4363; x_wconf 82' lang='lat' dir='ltr'>reiigione</span> <span class='ocrx_word' id='word_1_399' title='bbox 880 4285 1049 4352; x_wconf 86' lang='lat' dir='ltr'>rideamus.</span> <span class='ocrx_word' id='word_1_400' title='bbox 1062 4285 1142 4347; x_wconf 89' lang='lat' dir='ltr'>Unde</span> <span class='ocrx_word' id='word_1_401' title='bbox 1156 4283 1234 4345; x_wconf 88' lang='lat' dir='ltr'>enim</span> <span class='ocrx_word' id='word_1_402' title='bbox 1248 4282 1274 4341; x_wconf 87' lang='lat' dir='ltr'>id</span> <span class='ocrx_word' id='word_1_403' title='bbox 1287 4282 1416 4354; x_wconf 88' lang='lat' dir='ltr'>emanat,</span> <span class='ocrx_word' id='word_1_404' title='bbox 1431 4276 1486 4337; x_wconf 84' lang='lat' dir='ltr'>nisi</span> <span class='ocrx_word' id='word_1_405' title='bbox 1498 4275 1571 4353; x_wconf 88' lang='lat' dir='ltr'>quia</span> 
     </span>
     <span class='ocr_line' id='line_1_40' title="bbox 345 4375 1569 4461; baseline 0 -28"><span class='ocrx_word' id='word_1_406' title='bbox 345 4375 481 4452; x_wconf 82' lang='lat' dir='ltr'>proxime</span> <span class='ocrx_word' id='word_1_407' title='bbox 496 4377 556 4438; x_wconf 83' lang='lat' dir='ltr'>Deo</span> <span class='ocrx_word' id='word_1_408' title='bbox 569 4381 686 4442; x_wconf 87' lang='lat' dir='ltr'>accedis</span> <span class='ocrx_word' id='word_1_409' title='bbox 704 4423 714 4455; x_wconf 92' lang='lat'>,</span> <span class='ocrx_word' id='word_1_410' title='bbox 730 4383 843 4461; x_wconf 88' lang='lat' dir='ltr'>optime</span> <span class='ocrx_word' id='word_1_411' title='bbox 859 4384 975 4458; x_wconf 85' lang='lat' dir='ltr'>noscis,</span> <span class='ocrx_word' id='word_1_412' title='bbox 993 4390 1025 4446; x_wconf 89' lang='lat' dir='ltr'>et</span> <span class='ocrx_word' id='word_1_413' title='bbox 1039 4387 1187 4460; x_wconf 74' lang='lat' dir='ltr'>errantum</span> <span class='ocrx_word' id='word_1_414' title='bbox 1215 4380 1330 4451; x_wconf 88' lang='lat' dir='ltr'>noscis,</span> <span class='ocrx_word' id='word_1_415' title='bbox 1347 4381 1461 4438; x_wconf 79' lang='lat' dir='ltr'>tantum</span> <span class='ocrx_word' id='word_1_416' title='bbox 1476 4376 1569 4436; x_wconf 86' lang='lat' dir='ltr'>etiam</span> 
     </span>
     <span class='ocr_line' id='line_1_41' title="bbox 341 4469 1567 4554; baseline -0.003 -22"><span class='ocrx_word' id='word_1_417' title='bbox 341 4469 514 4535; x_wconf 80' lang='lat' dir='ltr'>veneraris?</span> <span class='ocrx_word' id='word_1_418' title='bbox 527 4475 552 4535; x_wconf 94' lang='lat'>0</span> <span class='ocrx_word' id='word_1_419' title='bbox 567 4477 661 4554; x_wconf 77' lang='lat' dir='ltr'>piens</span> <span class='ocrx_word' id='word_1_420' title='bbox 672 4477 802 4539; x_wconf 88' lang='lat' dir='ltr'>aeternis</span> <span class='ocrx_word' id='word_1_421' title='bbox 819 4479 956 4539; x_wconf 81' lang='lat' dir='ltr'>laudibus</span> <span class='ocrx_word' id='word_1_422' title='bbox 977 4477 1163 4550; x_wconf 76' lang='lat' dir='ltr'>dur-oranda,</span> <span class='ocrx_word' id='word_1_423' title='bbox 1180 4481 1254 4554; x_wconf 80' lang='lat' dir='ltr'>quot</span> <span class='ocrx_word' id='word_1_424' title='bbox 1270 4493 1308 4536; x_wconf 85' lang='lat' dir='ltr'>ex</span> <span class='ocrx_word' id='word_1_425' title='bbox 1323 4479 1354 4534; x_wconf 90' lang='lat' dir='ltr'>te</span> <span class='ocrx_word' id='word_1_426' title='bbox 1369 4475 1454 4546; x_wconf 85' lang='lat' dir='ltr'>ntiae,</span> <span class='ocrx_word' id='word_1_427' title='bbox 1471 4488 1567 4548; x_wconf 84' lang='lat' dir='ltr'>quarr-</span> 
     </span>
     <span class='ocr_line' id='line_1_42' title="bbox 344 4566 1570 4648; baseline -0.002 -22"><span class='ocrx_word' id='word_1_428' title='bbox 344 4571 451 4644; x_wconf 84' lang='lat' dir='ltr'>taeque</span> <span class='ocrx_word' id='word_1_429' title='bbox 466 4572 560 4632; x_wconf 88' lang='lat' dir='ltr'>nostri</span> <span class='ocrx_word' id='word_1_430' title='bbox 577 4570 717 4648; x_wconf 84' lang='lat' dir='ltr'>Principis</span> <span class='ocrx_word' id='word_1_431' title='bbox 733 4572 860 4633; x_wconf 86' lang='lat' dir='ltr'>uirtutes</span> <span class='ocrx_word' id='word_1_432' title='bbox 875 4575 967 4634; x_wconf 84' lang='lat' dir='ltr'>vetuti</span> <span class='ocrx_word' id='word_1_433' title='bbox 983 4577 1039 4634; x_wconf 81' lang='lat' dir='ltr'>risi</span> <span class='ocrx_word' id='word_1_434' title='bbox 1054 4590 1094 4635; x_wconf 80' lang='lat' dir='ltr'>ex</span> <span class='ocrx_word' id='word_1_435' title='bbox 1106 4589 1195 4633; x_wconf 86' lang='lat' dir='ltr'>sacro</span> <span class='ocrx_word' id='word_1_436' title='bbox 1209 4571 1301 4631; x_wconf 83' lang='lat' dir='ltr'>sontis</span> <span class='ocrx_word' id='word_1_437' title='bbox 1317 4570 1415 4646; x_wconf 85' lang='lat' dir='ltr'>cupite</span> <span class='ocrx_word' id='word_1_438' title='bbox 1429 4566 1570 4626; x_wconf 80' lang='lat' dir='ltr'>derivam-</span> 
     </span>
     <span class='ocr_line' id='line_1_43' title="bbox 345 4662 1567 4746; baseline -0.002 -22"><span class='ocrx_word' id='word_1_439' title='bbox 345 4668 411 4726; x_wconf 83' lang='lat' dir='ltr'>tur!</span> <span class='ocrx_word' id='word_1_440' title='bbox 427 4666 495 4726; x_wconf 90' lang='lat' dir='ltr'>hinc</span> <span class='ocrx_word' id='word_1_441' title='bbox 512 4667 560 4727; x_wconf 85' lang='lat' dir='ltr'>itin</span> <span class='ocrx_word' id='word_1_442' title='bbox 573 4666 752 4729; x_wconf 79' lang='lat' dir='ltr'>incredibilis</span> <span class='ocrx_word' id='word_1_443' title='bbox 765 4671 973 4746; x_wconf 89' lang='lat' dir='ltr'>temperantia,</span> <span class='ocrx_word' id='word_1_444' title='bbox 988 4669 1146 4734; x_wconf 82' lang='lat' dir='ltr'>clementia</span> <span class='ocrx_word' id='word_1_445' title='bbox 1158 4665 1355 4735; x_wconf 82' lang='lat' dir='ltr'>admirabilis,</span> <span class='ocrx_word' id='word_1_446' title='bbox 1370 4662 1567 4743; x_wconf 84' lang='lat' dir='ltr'>praedicanda</span> 
     </span>
     <span class='ocr_line' id='line_1_44' title="bbox 344 4757 1565 4844; baseline 0 -29"><span class='ocrx_word' id='word_1_447' title='bbox 344 4759 481 4834; x_wconf 75' lang='lat' dir='ltr'>facilitas,</span> <span class='ocrx_word' id='word_1_448' title='bbox 500 4759 607 4822; x_wconf 85' lang='lat' dir='ltr'>invicta</span> <span class='ocrx_word' id='word_1_449' title='bbox 623 4762 713 4825; x_wconf 86' lang='lat' dir='ltr'>aninri</span> <span class='ocrx_word' id='word_1_450' title='bbox 726 4761 858 4840; x_wconf 88' lang='lat' dir='ltr'>celsitas,</span> <span class='ocrx_word' id='word_1_451' title='bbox 870 4765 990 4844; x_wconf 84' lang='lat' dir='ltr'>justitia</span> <span class='ocrx_word' id='word_1_452' title='bbox 1001 4764 1173 4842; x_wconf 72' lang='lat' dir='ltr'>singularis.</span> <span class='ocrx_word' id='word_1_453' title='bbox 1190 4761 1290 4821; x_wconf 84' lang='lat' dir='ltr'>Nonne</span> <span class='ocrx_word' id='word_1_454' title='bbox 1302 4759 1426 4837; x_wconf 83' lang='lat' dir='ltr'>dignum</span> <span class='ocrx_word' id='word_1_455' title='bbox 1441 4757 1565 4817; x_wconf 86' lang='lat' dir='ltr'>immor·</span> 
     </span>
     <span class='ocr_line' id='line_1_45' title="bbox 343 4850 1565 4937; baseline 0.003 -27"><span class='ocrx_word' id='word_1_456' title='bbox 343 4850 394 4911; x_wconf 88' lang='lat' dir='ltr'>tati</span> <span class='ocrx_word' id='word_1_457' title='bbox 409 4853 502 4929; x_wconf 76' lang='lat' dir='ltr'>gioria</span> <span class='ocrx_word' id='word_1_458' title='bbox 517 4855 709 4935; x_wconf 78' lang='lat' dir='ltr'>deputemus,</span> <span class='ocrx_word' id='word_1_459' title='bbox 725 4873 813 4937; x_wconf 88' lang='lat' dir='ltr'>quem</span> <span class='ocrx_word' id='word_1_460' title='bbox 827 4874 883 4934; x_wconf 93' lang='lat' dir='ltr'>pro</span> <span class='ocrx_word' id='word_1_461' title='bbox 897 4859 999 4922; x_wconf 87' lang='lat' dir='ltr'>ttatine</span> <span class='ocrx_word' id='word_1_462' title='bbox 1012 4859 1108 4923; x_wconf 82' lang='lat' dir='ltr'>salute</span> <span class='ocrx_word' id='word_1_463' title='bbox 1120 4874 1155 4921; x_wconf 87' lang='lat' dir='ltr'>ac</span> <span class='ocrx_word' id='word_1_464' title='bbox 1167 4853 1385 4933; x_wconf 80' lang='lat' dir='ltr'>tranquillitate</span> <span class='ocrx_word' id='word_1_465' title='bbox 1400 4869 1457 4915; x_wconf 88' lang='lat' dir='ltr'>suo</span> <span class='ocrx_word' id='word_1_466' title='bbox 1468 4852 1565 4916; x_wconf 89' lang='lat' dir='ltr'>ductu</span> 
     </span>
    </p>
   </div>
   <div class='ocr_carea' id='block_1_6' title="bbox 0 0 1976 5592">
    <p class='ocr_par' dir='ltr' id='par_1_6' title="bbox 0 0 1976 5592">
     <span class='ocr_line' id='line_1_46' title="bbox 0 0 1976 5592; baseline 0 3"><span class='ocrx_word' id='word_1_467' title='bbox 0 0 1976 5592; x_wconf 95' lang='lat' dir='ltr'> </span> 
     </span>
    </p>
   </div>
  </div>
 </body>
</html>
