<?xml version="1.0" encoding="UTF-8"?>
<!DOCTYPE html PUBLIC "-//W3C//DTD XHTML 1.0 Transitional//EN"
    "http://www.w3.org/TR/xhtml1/DTD/xhtml1-transitional.dtd">
<html xmlns="http://www.w3.org/1999/xhtml" xml:lang="en" lang="en">
 <head>
  <title>
</title>
<meta http-equiv="Content-Type" content="text/html;charset=utf-8" />
  <meta name='ocr-system' content='tesseract 3.04.00' />
  <meta name='ocr-capabilities' content='ocr_page ocr_carea ocr_par ocr_line ocrx_word'/>
</head>
<body>
  <div class='ocr_page' id='page_1' title='image "./operedigiambatt01ferrgoog_0197.png"; bbox 0 0 3942 5592; ppageno 0'>
   <div class='ocr_carea' id='block_1_1' title="bbox 278 582 1680 4586">
    <p class='ocr_par' dir='ltr' id='par_1_1' title="bbox 278 582 1680 4586">
     <span class='ocr_line' id='line_1_1' title="bbox 457 582 1680 671; baseline 0 -23"><span class='ocrx_word' id='word_1_1' title='bbox 457 591 675 671; x_wconf 83' lang='lat' dir='ltr'><em>coujuruornm</em></span> <span class='ocrx_word' id='word_1_2' title='bbox 697 594 851 654; x_wconf 78' lang='lat' dir='ltr'><em>conuentus</em></span> <span class='ocrx_word' id='word_1_3' title='bbox 865 604 918 652; x_wconf 89' lang='lat' dir='ltr'><em>suo</em></span> <span class='ocrx_word' id='word_1_4' title='bbox 930 590 1047 647; x_wconf 76' lang='lat' dir='ltr'><em>neurim</em></span> <span class='ocrx_word' id='word_1_5' title='bbox 1067 582 1256 664; x_wconf 84' lang='lat' dir='ltr'><em>adbibeaiur,</em></span> <span class='ocrx_word' id='word_1_6' title='bbox 1271 601 1337 647; x_wconf 91' lang='lat' dir='ltr'><em>cum</em></span> <span class='ocrx_word' id='word_1_7' title='bbox 1353 586 1532 669; x_wconf 75' lang='lat' dir='ltr'><strong><em>Hieronymo</em></strong></span> <span class='ocrx_word' id='word_1_8' title='bbox 1548 590 1680 668; x_wconf 70' lang='lat' dir='ltr'><em>Ceparia</em></span> 
     </span>
     <span class='ocr_line' id='line_1_2' title="bbox 460 681 1679 765; baseline 0.002 -23"><span class='ocrx_word' id='word_1_9' title='bbox 460 682 623 745; x_wconf 84' lang='lat' dir='ltr'><em>Cc&#39;sternum</em></span> <span class='ocrx_word' id='word_1_10' title='bbox 631 691 742 765; x_wconf 78' lang='lat' dir='ltr'><em>perpit.</em></span> <span class='ocrx_word' id='word_1_11' title='bbox 759 686 807 746; x_wconf 91' lang='lat' dir='ltr'><em>lbi</em></span> <span class='ocrx_word' id='word_1_12' title='bbox 817 683 930 744; x_wconf 78' lang='lat' dir='ltr'><em>litteras</em></span> <span class='ocrx_word' id='word_1_13' title='bbox 944 685 971 742; x_wconf 89' lang='lat' dir='ltr'><em>et</em></span> <span class='ocrx_word' id='word_1_14' title='bbox 983 681 1022 740; x_wconf 89' lang='lat' dir='ltr'><em>ab</em></span> <span class='ocrx_word' id='word_1_15' title='bbox 1038 681 1177 743; x_wconf 83' lang='lat' dir='ltr'><em>Caesaris</em></span> <span class='ocrx_word' id='word_1_16' title='bbox 1191 683 1388 761; x_wconf 76' lang='lat' dir='ltr'><em>administris,</em></span> <span class='ocrx_word' id='word_1_17' title='bbox 1399 689 1426 744; x_wconf 90' lang='lat' dir='ltr'><em>et</em></span> <span class='ocrx_word' id='word_1_18' title='bbox 1439 701 1494 746; x_wconf 88' lang='lat' dir='ltr'><em>suo</em></span> <span class='ocrx_word' id='word_1_19' title='bbox 1505 687 1623 744; x_wconf 81' lang='lat' dir='ltr'><em>mmine</em></span> <span class='ocrx_word' id='word_1_20' title='bbox 1635 684 1679 745; x_wconf 87' lang='lat' dir='ltr'><em>ad</em></span> 
     </span>
     <span class='ocr_line' id='line_1_3' title="bbox 455 777 1677 860; baseline 0.002 -23"><span class='ocrx_word' id='word_1_21' title='bbox 455 778 581 838; x_wconf 81' lang='lat' dir='ltr'><em>Acatrcm</em></span> <span class='ocrx_word' id='word_1_22' title='bbox 593 785 682 858; x_wconf 90' lang='lat' dir='ltr'><em>misit,</em></span> <span class='ocrx_word' id='word_1_23' title='bbox 690 781 793 860; x_wconf 80' lang='lat' dir='ltr'><em>quibus</em></span> <span class='ocrx_word' id='word_1_24' title='bbox 807 797 872 840; x_wconf 89' lang='lat' dir='ltr'><em>cum</em></span> <span class='ocrx_word' id='word_1_25' title='bbox 886 777 923 837; x_wconf 91' lang='lat' dir='ltr'><em>de</em></span> <span class='ocrx_word' id='word_1_26' title='bbox 935 777 1149 858; x_wconf 85' lang='lat' dir='ltr'><em>conjurationis</em></span> <span class='ocrx_word' id='word_1_27' title='bbox 1163 778 1364 856; x_wconf 79' lang='lat' dir='ltr'><em>statusaceret</em></span> <span class='ocrx_word' id='word_1_28' title='bbox 1375 785 1533 840; x_wconf 73' lang='lat' dir='ltr'><em>certiorem.</em></span> <span class='ocrx_word' id='word_1_29' title='bbox 1542 780 1591 839; x_wconf 84' lang='lat' dir='ltr'><em>Ad</em></span> <span class='ocrx_word' id='word_1_30' title='bbox 1600 794 1677 858; x_wconf 81' lang='lat' dir='ltr'><em>qnae</em></span> 
     </span>
     <span class='ocr_line' id='line_1_4' title="bbox 458 867 1677 949; baseline 0 -19"><span class='ocrx_word' id='word_1_31' title='bbox 458 869 571 932; x_wconf 82' lang='lat' dir='ltr'><em>Aratus</em></span> <span class='ocrx_word' id='word_1_32' title='bbox 584 871 731 949; x_wconf 75' lang='lat' dir='ltr'><em>facinoris</em></span> <span class='ocrx_word' id='word_1_33' title='bbox 753 874 931 933; x_wconf 80' lang='lat' dir='ltr'><em>consortium</em></span> <span class='ocrx_word' id='word_1_34' title='bbox 942 867 1123 946; x_wconf 81' lang='lat' dir='ltr'><em>protulatus,</em></span> <span class='ocrx_word' id='word_1_35' title='bbox 1142 874 1298 946; x_wconf 70' lang='lat' dir='ltr'><em>crassatur</em></span> <span class='ocrx_word' id='word_1_36' title='bbox 1312 872 1354 930; x_wconf 91' lang='lat' dir='ltr'><em>ad</em></span> <span class='ocrx_word' id='word_1_37' title='bbox 1377 872 1534 930; x_wconf 86' lang='lat' dir='ltr'><em>destinata.</em></span> <span class='ocrx_word' id='word_1_38' title='bbox 1552 870 1630 929; x_wconf 90' lang='lat' dir='ltr'><em>Nam</em></span> <span class='ocrx_word' id='word_1_39' title='bbox 1642 874 1677 930; x_wconf 86' lang='lat' dir='ltr'><em>ui</em></span> 
     </span>
     <span class='ocr_line' id='line_1_5' title="bbox 456 955 1678 1038; baseline 0 -18"><span class='ocrx_word' id='word_1_40' title='bbox 456 965 639 1021; x_wconf 90' lang='lat' dir='ltr'><em>maritimum</em></span> <span class='ocrx_word' id='word_1_41' title='bbox 650 963 860 1021; x_wconf 86' lang='lat' dir='ltr'><em>munimentum</em></span> <span class='ocrx_word' id='word_1_42' title='bbox 872 960 1102 1032; x_wconf 72' lang='lat' dir='ltr'><em>nancisceretur,</em></span> <span class='ocrx_word' id='word_1_43' title='bbox 1112 975 1170 1035; x_wconf 84' lang='lat' dir='ltr'><em>quo</em></span> <span class='ocrx_word' id='word_1_44' title='bbox 1179 959 1216 1018; x_wconf 88' lang='lat' dir='ltr'><em>ab</em></span> <span class='ocrx_word' id='word_1_45' title='bbox 1235 957 1364 1036; x_wconf 77' lang='lat' dir='ltr'><em>Terpesti</em></span> <span class='ocrx_word' id='word_1_46' title='bbox 1371 966 1459 1038; x_wconf 86' lang='lat' dir='ltr'><em>portu</em></span> <span class='ocrx_word' id='word_1_47' title='bbox 1473 955 1516 1038; x_wconf 91' lang='lat' dir='ltr'><em>(is</em></span> <span class='ocrx_word' id='word_1_48' title='bbox 1525 976 1604 1022; x_wconf 90' lang='lat' dir='ltr'><em>unus</em></span> <span class='ocrx_word' id='word_1_49' title='bbox 1616 960 1678 1020; x_wconf 79' lang='lat' dir='ltr'><em>Au·</em></span> 
     </span>
     <span class='ocr_line' id='line_1_6' title="bbox 460 1043 1680 1132; baseline 0.002 -22"><span class='ocrx_word' id='word_1_50' title='bbox 460 1055 533 1110; x_wconf 91' lang='lat' dir='ltr'><em>strio</em></span> <span class='ocrx_word' id='word_1_51' title='bbox 547 1055 580 1109; x_wconf 91' lang='lat' dir='ltr'><em>in</em></span> <span class='ocrx_word' id='word_1_52' title='bbox 594 1052 720 1111; x_wconf 80' lang='lat' dir='ltr'><em>Adriam</em></span> <span class='ocrx_word' id='word_1_53' title='bbox 729 1044 826 1132; x_wconf 83' lang='lat' dir='ltr'><em>patet)</em></span> <span class='ocrx_word' id='word_1_54' title='bbox 838 1051 977 1126; x_wconf 83' lang='lat' dir='ltr'><em>trajectos</em></span> <span class='ocrx_word' id='word_1_55' title='bbox 993 1046 1149 1107; x_wconf 82' lang='lat' dir='ltr'><em>Gemmnos</em></span> <span class='ocrx_word' id='word_1_56' title='bbox 1163 1050 1328 1124; x_wconf 76' lang='lat' dir='ltr'><em>induceret,</em></span> <span class='ocrx_word' id='word_1_57' title='bbox 1342 1054 1376 1109; x_wconf 89' lang='lat' dir='ltr'><em>in</em></span> <span class='ocrx_word' id='word_1_58' title='bbox 1390 1043 1529 1127; x_wconf 79' lang='lat' dir='ltr'><em>Apuliam</em></span> <span class='ocrx_word' id='word_1_59' title='bbox 1542 1050 1680 1112; x_wconf 87' lang='lat' dir='ltr'><em>clientem</em></span> 
     </span>
     <span class='ocr_line' id='line_1_7' title="bbox 458 1136 1678 1220; baseline 0.001 -20"><span class='ocrx_word' id='word_1_60' title='bbox 458 1141 607 1219; x_wconf 84' lang='lat' dir='ltr'><em>Hispania</em></span> <span class='ocrx_word' id='word_1_61' title='bbox 621 1143 792 1216; x_wconf 89' lang='lat' dir='ltr'><em>oriundum,</em></span> <span class='ocrx_word' id='word_1_62' title='bbox 806 1139 876 1199; x_wconf 91' lang='lat' dir='ltr'><em>olim</em></span> <span class='ocrx_word' id='word_1_63' title='bbox 891 1136 1120 1214; x_wconf 84' lang='lat' dir='ltr'><em>Nansredoniae</em></span> <span class='ocrx_word' id='word_1_64' title='bbox 1133 1143 1212 1200; x_wconf 88' lang='lat' dir='ltr'><em>arcis</em></span> <span class='ocrx_word' id='word_1_65' title='bbox 1225 1143 1460 1216; x_wconf 88' lang='lat' dir='ltr'><em>praesidiarium</em></span> <span class='ocrx_word' id='word_1_66' title='bbox 1473 1141 1593 1201; x_wconf 83' lang='lat' dir='ltr'><em>rnilitem</em></span> <span class='ocrx_word' id='word_1_67' title='bbox 1601 1159 1678 1220; x_wconf 86' lang='lat' dir='ltr'><em>pro-</em></span> 
     </span>
     <span class='ocr_line' id='line_1_8' title="bbox 454 1233 1678 1316; baseline 0.001 -18"><span class='ocrx_word' id='word_1_68' title='bbox 454 1243 554 1300; x_wconf 86' lang='lat' dir='ltr'><em>missis</em></span> <span class='ocrx_word' id='word_1_69' title='bbox 577 1242 735 1316; x_wconf 84' lang='lat' dir='ltr'><em>corrumpit</em></span> <span class='ocrx_word' id='word_1_70' title='bbox 751 1283 759 1314; x_wconf 93' lang='lat'><em>,</em></span> <span class='ocrx_word' id='word_1_71' title='bbox 774 1241 806 1297; x_wconf 90' lang='lat' dir='ltr'><em>ut</em></span> <span class='ocrx_word' id='word_1_72' title='bbox 818 1255 873 1316; x_wconf 90' lang='lat' dir='ltr'><em>per</em></span> <span class='ocrx_word' id='word_1_73' title='bbox 896 1240 975 1298; x_wconf 89' lang='lat' dir='ltr'><em>orcis</em></span> <span class='ocrx_word' id='word_1_74' title='bbox 988 1233 1137 1312; x_wconf 88' lang='lat' dir='ltr'><em>speculam</em></span> <span class='ocrx_word' id='word_1_75' title='bbox 1149 1240 1227 1296; x_wconf 81' lang='lat' dir='ltr'><em>muri</em></span> <span class='ocrx_word' id='word_1_76' title='bbox 1239 1241 1434 1297; x_wconf 83' lang='lat' dir='ltr'><em>imminentem</em></span> <span class='ocrx_word' id='word_1_77' title='bbox 1446 1255 1477 1300; x_wconf 89' lang='lat' dir='ltr'><em>se</em></span> <span class='ocrx_word' id='word_1_78' title='bbox 1490 1255 1615 1314; x_wconf 87' lang='lat' dir='ltr'><em>suosque</em></span> <span class='ocrx_word' id='word_1_79' title='bbox 1627 1256 1678 1299; x_wconf 91' lang='lat' dir='ltr'><em>ar·</em></span> 
     </span>
     <span class='ocr_line' id='line_1_9' title="bbox 456 1331 1677 1417; baseline 0.001 -22"><span class='ocrx_word' id='word_1_80' title='bbox 456 1340 550 1398; x_wconf 89' lang='lat' dir='ltr'><em>matos</em></span> <span class='ocrx_word' id='word_1_81' title='bbox 559 1341 645 1396; x_wconf 90' lang='lat' dir='ltr'><em>noctu</em></span> <span class='ocrx_word' id='word_1_82' title='bbox 654 1340 687 1396; x_wconf 92' lang='lat' dir='ltr'><em>in</em></span> <span class='ocrx_word' id='word_1_83' title='bbox 697 1353 793 1417; x_wconf 66' lang='lat' dir='ltr'><em>ornem</em></span> <span class='ocrx_word' id='word_1_84' title='bbox 802 1336 945 1410; x_wconf 73' lang='lat' dir='ltr'><em>excipiat.</em></span> <span class='ocrx_word' id='word_1_85' title='bbox 955 1331 1032 1392; x_wconf 86' lang='lat' dir='ltr'><em>Hinc</em></span> <span class='ocrx_word' id='word_1_86' title='bbox 1042 1331 1083 1391; x_wconf 91' lang='lat' dir='ltr'><em>ad</em></span> <span class='ocrx_word' id='word_1_87' title='bbox 1097 1333 1491 1396; x_wconf 84' lang='lat' dir='ltr'><em>Franciscuchnavidium</em></span> <span class='ocrx_word' id='word_1_88' title='bbox 1501 1337 1677 1412; x_wconf 85' lang='lat' dir='ltr'><em>aroisprac·</em></span> 
     </span>
     <span class='ocr_line' id='line_1_10' title="bbox 453 1428 1674 1510; baseline -0.002 -18"><span class='ocrx_word' id='word_1_89' title='bbox 453 1429 568 1506; x_wconf 79' lang='lat' dir='ltr'><em>sectum</em></span> <span class='ocrx_word' id='word_1_90' title='bbox 588 1429 709 1508; x_wconf 82' lang='lat' dir='ltr'><em>fraudis</em></span> <span class='ocrx_word' id='word_1_91' title='bbox 729 1430 946 1508; x_wconf 84' lang='lat' dir='ltr'><em>imprudentem</em></span> <span class='ocrx_word' id='word_1_92' title='bbox 959 1428 1073 1503; x_wconf 81' lang='lat' dir='ltr'><em>scribet,</em></span> <span class='ocrx_word' id='word_1_93' title='bbox 1087 1429 1121 1485; x_wconf 89' lang='lat' dir='ltr'><em>nt</em></span> <span class='ocrx_word' id='word_1_94' title='bbox 1142 1446 1196 1490; x_wconf 84' lang='lat' dir='ltr'><em>suo</em></span> <span class='ocrx_word' id='word_1_95' title='bbox 1217 1429 1319 1489; x_wconf 90' lang='lat' dir='ltr'><em>clienti</em></span> <span class='ocrx_word' id='word_1_96' title='bbox 1342 1428 1427 1507; x_wconf 89' lang='lat' dir='ltr'><em>opud</em></span> <span class='ocrx_word' id='word_1_97' title='bbox 1441 1428 1595 1510; x_wconf 70' lang='lat' dir='ltr'><em>lborepem</em></span> <span class='ocrx_word' id='word_1_98' title='bbox 1608 1446 1674 1490; x_wconf 88' lang='lat' dir='ltr'><em>eam</em></span> 
     </span>
     <span class='ocr_line' id='line_1_11' title="bbox 451 1523 1674 1606; baseline -0.002 -19"><span class='ocrx_word' id='word_1_99' title='bbox 451 1527 591 1588; x_wconf 89' lang='lat' dir='ltr'><em>militiam</em></span> <span class='ocrx_word' id='word_1_100' title='bbox 611 1524 798 1606; x_wconf 75' lang='lat' dir='ltr'><em>suffrnpetur,</em></span> <span class='ocrx_word' id='word_1_101' title='bbox 812 1524 962 1601; x_wconf 83' lang='lat' dir='ltr'><em>celatoque</em></span> <span class='ocrx_word' id='word_1_102' title='bbox 976 1523 1131 1604; x_wconf 78' lang='lat' dir='ltr'><em>nrffrapio,</em></span> <span class='ocrx_word' id='word_1_103' title='bbox 1145 1525 1301 1603; x_wconf 86' lang='lat' dir='ltr'><em>Neapolim</em></span> <span class='ocrx_word' id='word_1_104' title='bbox 1318 1524 1439 1606; x_wconf 76' lang='lat' dir='ltr'><em>Proreqi</em></span> <span class='ocrx_word' id='word_1_105' title='bbox 1456 1524 1674 1586; x_wconf 88' lang='lat' dir='ltr'><em>auctorandum</em></span> 
     </span>
     <span class='ocr_line' id='line_1_12' title="bbox 453 1615 1666 1694; baseline -0.001 -16"><span class='ocrx_word' id='word_1_106' title='bbox 453 1622 552 1678; x_wconf 90' lang='lat' dir='ltr'><em>mittit.</em></span> <span class='ocrx_word' id='word_1_107' title='bbox 569 1616 625 1677; x_wconf 79' lang='lat' dir='ltr'><em>Res</em></span> <span class='ocrx_word' id='word_1_108' title='bbox 638 1632 719 1675; x_wconf 86' lang='lat' dir='ltr'><em>mune</em></span> <span class='ocrx_word' id='word_1_109' title='bbox 732 1619 767 1678; x_wconf 92' lang='lat' dir='ltr'><em>id</em></span> <span class='ocrx_word' id='word_1_110' title='bbox 779 1619 891 1694; x_wconf 90' lang='lat' dir='ltr'><em>tempus</em></span> <span class='ocrx_word' id='word_1_111' title='bbox 904 1620 935 1675; x_wconf 87' lang='lat' dir='ltr'><em>in</em></span> <span class='ocrx_word' id='word_1_112' title='bbox 948 1618 1044 1676; x_wconf 90' lang='lat' dir='ltr'><em>media</em></span> <span class='ocrx_word' id='word_1_113' title='bbox 1059 1615 1152 1676; x_wconf 88' lang='lat' dir='ltr'><em>Italia</em></span> <span class='ocrx_word' id='word_1_114' title='bbox 1165 1618 1294 1678; x_wconf 82' lang='lat' dir='ltr'><em>bostium</em></span> <span class='ocrx_word' id='word_1_115' title='bbox 1304 1623 1401 1678; x_wconf 84' lang='lat' dir='ltr'><em>casira</em></span> <span class='ocrx_word' id='word_1_116' title='bbox 1408 1639 1421 1690; x_wconf 90' lang='lat'><em>,·</em></span> <span class='ocrx_word' id='word_1_117' title='bbox 1436 1617 1666 1687; x_wconf 72' lang='lat' dir='ltr'><em>Itomaeuieinas</em></span> 
     </span>
     <span class='ocr_line' id='line_1_13' title="bbox 446 1711 1673 1794; baseline 0 -18"><span class='ocrx_word' id='word_1_118' title='bbox 446 1719 612 1794; x_wconf 77' lang='lat' dir='ltr'><em>potentium</em></span> <span class='ocrx_word' id='word_1_119' title='bbox 623 1718 656 1773; x_wconf 91' lang='lat' dir='ltr'><em>in</em></span> <span class='ocrx_word' id='word_1_120' title='bbox 673 1715 828 1775; x_wconf 84' lang='lat' dir='ltr'><em>Caesarem</em></span> <span class='ocrx_word' id='word_1_121' title='bbox 845 1711 962 1775; x_wconf 80' lang='lat' dir='ltr'><em>studio:</em></span> <span class='ocrx_word' id='word_1_122' title='bbox 977 1714 1085 1775; x_wconf 82' lang='lat' dir='ltr'><em>ibidem</em></span> <span class='ocrx_word' id='word_1_123' title='bbox 1100 1718 1220 1790; x_wconf 82' lang='lat' dir='ltr'><em>Sanprii</em></span> <span class='ocrx_word' id='word_1_124' title='bbox 1231 1717 1299 1776; x_wconf 86' lang='lat' dir='ltr'><em>boni</em></span> <span class='ocrx_word' id='word_1_125' title='bbox 1317 1718 1469 1778; x_wconf 82' lang='lat' dir='ltr'><em>Gemmnis</em></span> <span class='ocrx_word' id='word_1_126' title='bbox 1483 1721 1572 1794; x_wconf 69' lang='lat' dir='ltr'><em>atque</em></span> <span class='ocrx_word' id='word_1_127' title='bbox 1584 1715 1673 1776; x_wconf 85' lang='lat' dir='ltr'><em>utilis</em></span> 
     </span>
     <span class='ocr_line' id='line_1_14' title="bbox 451 1808 1670 1891; baseline 0 -20"><span class='ocrx_word' id='word_1_128' title='bbox 451 1816 521 1888; x_wconf 83' lang='lat' dir='ltr'><em>uiri,</em></span> <span class='ocrx_word' id='word_1_129' title='bbox 538 1814 566 1872; x_wconf 92' lang='lat' dir='ltr'><em>et</em></span> <span class='ocrx_word' id='word_1_130' title='bbox 589 1810 626 1871; x_wconf 92' lang='lat' dir='ltr'><em>ab</em></span> <span class='ocrx_word' id='word_1_131' title='bbox 640 1808 766 1889; x_wconf 88' lang='lat' dir='ltr'><em>bispano</em></span> <span class='ocrx_word' id='word_1_132' title='bbox 779 1811 890 1891; x_wconf 78' lang='lat' dir='ltr'><em>Lepata</em></span> <span class='ocrx_word' id='word_1_133' title='bbox 904 1809 945 1871; x_wconf 92' lang='lat' dir='ltr'><em>od</em></span> <span class='ocrx_word' id='word_1_134' title='bbox 963 1826 1033 1870; x_wconf 89' lang='lat' dir='ltr'><em>suos</em></span> <span class='ocrx_word' id='word_1_135' title='bbox 1048 1815 1187 1890; x_wconf 87' lang='lat' dir='ltr'><em>revocati,</em></span> <span class='ocrx_word' id='word_1_136' title='bbox 1203 1811 1239 1871; x_wconf 91' lang='lat' dir='ltr'><em>ab</em></span> <span class='ocrx_word' id='word_1_137' title='bbox 1262 1817 1391 1888; x_wconf 85' lang='lat' dir='ltr'><em>utrisque</em></span> <span class='ocrx_word' id='word_1_138' title='bbox 1411 1811 1622 1887; x_wconf 84' lang='lat' dir='ltr'><em>uoluntarium,</em></span> <span class='ocrx_word' id='word_1_139' title='bbox 1640 1813 1670 1873; x_wconf 81' lang='lat' dir='ltr'><em>et</em></span> 
     </span>
     <span class='ocr_line' id='line_1_15' title="bbox 448 1906 1666 1986; baseline 0 -20"><span class='ocrx_word' id='word_1_140' title='bbox 448 1909 551 1986; x_wconf 75' lang='lat' dir='ltr'><em>innota</em></span> <span class='ocrx_word' id='word_1_141' title='bbox 561 1923 667 1968; x_wconf 88' lang='lat' dir='ltr'><em>caussa</em></span> <span class='ocrx_word' id='word_1_142' title='bbox 676 1907 766 1968; x_wconf 81' lang='lat' dir='ltr'><em>vetuti</em></span> <span class='ocrx_word' id='word_1_143' title='bbox 779 1907 917 1984; x_wconf 78' lang='lat' dir='ltr'><em>exilium,</em></span> <span class='ocrx_word' id='word_1_144' title='bbox 925 1909 1006 1968; x_wconf 90' lang='lat' dir='ltr'><em>domi</em></span> <span class='ocrx_word' id='word_1_145' title='bbox 1014 1906 1132 1968; x_wconf 78' lang='lat' dir='ltr'><em>adversi</em></span> <span class='ocrx_word' id='word_1_146' title='bbox 1142 1925 1285 1984; x_wconf 89' lang='lat' dir='ltr'><em>rumores,</em></span> <span class='ocrx_word' id='word_1_147' title='bbox 1298 1906 1375 1984; x_wconf 75' lang='lat' dir='ltr'><em>soris</em></span> <span class='ocrx_word' id='word_1_148' title='bbox 1385 1912 1486 1968; x_wconf 90' lang='lat' dir='ltr'><em>nuncii</em></span> <span class='ocrx_word' id='word_1_149' title='bbox 1494 1907 1666 1983; x_wconf 80' lang='lat' dir='ltr'><em>tsubulenti,</em></span> 
     </span>
     <span class='ocr_line' id='line_1_16' title="bbox 448 1996 1672 2080; baseline 0.002 -22"><span class='ocrx_word' id='word_1_150' title='bbox 448 1996 572 2078; x_wconf 81' lang='lat' dir='ltr'><em>Prorepi</em></span> <span class='ocrx_word' id='word_1_151' title='bbox 585 2001 706 2062; x_wconf 88' lang='lat' dir='ltr'><em>dubium</em></span> <span class='ocrx_word' id='word_1_152' title='bbox 717 1998 865 2080; x_wconf 86' lang='lat' dir='ltr'><em>injiciunt.</em></span> <span class='ocrx_word' id='word_1_153' title='bbox 883 1997 942 2057; x_wconf 88' lang='lat' dir='ltr'><em>Sed</em></span> <span class='ocrx_word' id='word_1_154' title='bbox 959 2015 1045 2058; x_wconf 91' lang='lat' dir='ltr'><em>caeca</em></span> <span class='ocrx_word' id='word_1_155' title='bbox 1059 1997 1272 2080; x_wconf 87' lang='lat' dir='ltr'><em>conjurationis</em></span> <span class='ocrx_word' id='word_1_156' title='bbox 1286 2004 1380 2076; x_wconf 75' lang='lat' dir='ltr'><em>oripo,</em></span> <span class='ocrx_word' id='word_1_157' title='bbox 1395 1998 1518 2062; x_wconf 79' lang='lat' dir='ltr'><em>absurdi</em></span> <span class='ocrx_word' id='word_1_158' title='bbox 1526 2016 1672 2077; x_wconf 77' lang='lat' dir='ltr'><em>propres-</em></span> 
     </span>
     <span class='ocr_line' id='line_1_17' title="bbox 448 2093 1667 2174; baseline 0.002 -19"><span class='ocrx_word' id='word_1_159' title='bbox 448 2112 509 2171; x_wconf 86' lang='lat' dir='ltr'><em>sus,</em></span> <span class='ocrx_word' id='word_1_160' title='bbox 519 2096 621 2156; x_wconf 92' lang='lat' dir='ltr'><em>eadem</em></span> <span class='ocrx_word' id='word_1_161' title='bbox 635 2093 759 2174; x_wconf 82' lang='lat' dir='ltr'><em>Prorepi</em></span> <span class='ocrx_word' id='word_1_162' title='bbox 770 2099 845 2157; x_wconf 89' lang='lat' dir='ltr'><em>recte</em></span> <span class='ocrx_word' id='word_1_163' title='bbox 854 2093 1003 2171; x_wconf 84' lang='lat' dir='ltr'><em>sactorum</em></span> <span class='ocrx_word' id='word_1_164' title='bbox 1015 2099 1115 2170; x_wconf 80' lang='lat' dir='ltr'><em>opinio</em></span> <span class='ocrx_word' id='word_1_165' title='bbox 1128 2100 1157 2154; x_wconf 88' lang='lat' dir='ltr'><em>et</em></span> <span class='ocrx_word' id='word_1_166' title='bbox 1167 2099 1252 2172; x_wconf 77' lang='lat' dir='ltr'><em>ceant</em></span> <span class='ocrx_word' id='word_1_167' title='bbox 1262 2093 1392 2171; x_wconf 76' lang='lat' dir='ltr'><em>felicitas</em></span> <span class='ocrx_word' id='word_1_168' title='bbox 1398 2093 1555 2172; x_wconf 79' lang='lat' dir='ltr'><em>prohibent</em></span> <span class='ocrx_word' id='word_1_169' title='bbox 1564 2099 1667 2159; x_wconf 86' lang='lat' dir='ltr'><em>metus.</em></span> 
     </span>
     <span class='ocr_line' id='line_1_18' title="bbox 451 2185 1670 2268; baseline 0.002 -22"><span class='ocrx_word' id='word_1_170' title='bbox 451 2187 610 2247; x_wconf 85' lang='lat' dir='ltr'><em>Praeterea</em></span> <span class='ocrx_word' id='word_1_171' title='bbox 620 2187 768 2263; x_wconf 72' lang='lat' dir='ltr'><em>infirmum</em></span> <span class='ocrx_word' id='word_1_172' title='bbox 775 2186 938 2268; x_wconf 84' lang='lat' dir='ltr'><em>judicium,</em></span> <span class='ocrx_word' id='word_1_173' title='bbox 949 2185 1031 2263; x_wconf 75' lang='lat' dir='ltr'><em>vulpi</em></span> <span class='ocrx_word' id='word_1_174' title='bbox 1044 2190 1203 2262; x_wconf 87' lang='lat' dir='ltr'><em>temeritas,</em></span> <span class='ocrx_word' id='word_1_175' title='bbox 1214 2190 1242 2246; x_wconf 91' lang='lat' dir='ltr'><em>et</em></span> <span class='ocrx_word' id='word_1_176' title='bbox 1254 2185 1339 2263; x_wconf 76' lang='lat' dir='ltr'><em>foedi</em></span> <span class='ocrx_word' id='word_1_177' title='bbox 1347 2185 1492 2263; x_wconf 74' lang='lat' dir='ltr'><em>facinoris</em></span> <span class='ocrx_word' id='word_1_178' title='bbox 1505 2188 1612 2248; x_wconf 77' lang='lat' dir='ltr'><em>ceteri</em></span> <span class='ocrx_word' id='word_1_179' title='bbox 1620 2206 1670 2248; x_wconf 86' lang='lat' dir='ltr'><em>su·</em></span> 
     </span>
     <span class='ocr_line' id='line_1_19' title="bbox 446 2275 1668 2356; baseline 0.002 -18"><span class='ocrx_word' id='word_1_180' title='bbox 446 2282 587 2356; x_wconf 88' lang='lat' dir='ltr'><em>spicionc,</em></span> <span class='ocrx_word' id='word_1_181' title='bbox 601 2277 805 2354; x_wconf 88' lang='lat' dir='ltr'><em>amplissimas</em></span> <span class='ocrx_word' id='word_1_182' title='bbox 818 2275 955 2353; x_wconf 70' lang='lat' dir='ltr'><em>familias</em></span> <span class='ocrx_word' id='word_1_183' title='bbox 972 2277 1120 2353; x_wconf 75' lang='lat' dir='ltr'><em>perfidiae</em></span> <span class='ocrx_word' id='word_1_184' title='bbox 1144 2295 1269 2356; x_wconf 76' lang='lat' dir='ltr'><em>arpuere</em></span> <span class='ocrx_word' id='word_1_185' title='bbox 1280 2278 1472 2356; x_wconf 78' lang='lat' dir='ltr'><em>prouiderdia</em></span> <span class='ocrx_word' id='word_1_186' title='bbox 1484 2279 1668 2356; x_wconf 75' lang='lat' dir='ltr'><em>periculoso.</em></span> 
     </span>
     <span class='ocr_line' id='line_1_20' title="bbox 446 2371 1670 2458; baseline 0 -24"><span class='ocrx_word' id='word_1_187' title='bbox 446 2371 579 2458; x_wconf 75' lang='lat' dir='ltr'><em>Dcm&#39;que</em></span> <span class='ocrx_word' id='word_1_188' title='bbox 593 2374 738 2434; x_wconf 81' lang='lat' dir='ltr'><em>Medicari</em></span> <span class='ocrx_word' id='word_1_189' title='bbox 754 2373 923 2451; x_wconf 79' lang='lat' dir='ltr'><em>cipitautia,</em></span> <span class='ocrx_word' id='word_1_190' title='bbox 939 2388 1027 2449; x_wconf 85' lang='lat' dir='ltr'><em>quam</em></span> <span class='ocrx_word' id='word_1_191' title='bbox 1040 2379 1072 2433; x_wconf 89' lang='lat' dir='ltr'><em>in</em></span> <span class='ocrx_word' id='word_1_192' title='bbox 1080 2374 1310 2451; x_wconf 89' lang='lat' dir='ltr'><em>populatissimu</em></span> <span class='ocrx_word' id='word_1_193' title='bbox 1324 2379 1442 2437; x_wconf 81' lang='lat' dir='ltr'><em>ciuitate</em></span> <span class='ocrx_word' id='word_1_194' title='bbox 1454 2374 1502 2437; x_wconf 83' lang='lat' dir='ltr'><em>uel</em></span> <span class='ocrx_word' id='word_1_195' title='bbox 1515 2375 1587 2438; x_wconf 85' lang='lat' dir='ltr'><em>leuis</em></span> <span class='ocrx_word' id='word_1_196' title='bbox 1597 2393 1670 2453; x_wconf 89' lang='lat' dir='ltr'><em>pec·</em></span> 
     </span>
     <span class='ocr_line' id='line_1_21' title="bbox 445 2462 1670 2544; baseline 0.004 -22"><span class='ocrx_word' id='word_1_197' title='bbox 445 2469 507 2524; x_wconf 91' lang='lat' dir='ltr'><em>cati</em></span> <span class='ocrx_word' id='word_1_198' title='bbox 527 2481 587 2523; x_wconf 89' lang='lat' dir='ltr'><em>non</em></span> <span class='ocrx_word' id='word_1_199' title='bbox 599 2462 684 2540; x_wconf 86' lang='lat' dir='ltr'><em>saliit</em></span> <span class='ocrx_word' id='word_1_200' title='bbox 704 2469 816 2539; x_wconf 90' lang='lat' dir='ltr'><em>auctor,</em></span> <span class='ocrx_word' id='word_1_201' title='bbox 832 2463 946 2524; x_wconf 88' lang='lat' dir='ltr'><em>nullum</em></span> <span class='ocrx_word' id='word_1_202' title='bbox 959 2467 1070 2540; x_wconf 73' lang='lat' dir='ltr'><em>apitari</em></span> <span class='ocrx_word' id='word_1_203' title='bbox 1083 2465 1177 2527; x_wconf 88' lang='lat' dir='ltr'><em>scelus</em></span> <span class='ocrx_word' id='word_1_204' title='bbox 1186 2470 1346 2542; x_wconf 89' lang='lat' dir='ltr'><em>promittit.</em></span> <span class='ocrx_word' id='word_1_205' title='bbox 1364 2463 1423 2528; x_wconf 84' lang='lat' dir='ltr'><em>Sed</em></span> <span class='ocrx_word' id='word_1_206' title='bbox 1444 2468 1571 2544; x_wconf 73' lang='lat' dir='ltr'><em>tondens,</em></span> <span class='ocrx_word' id='word_1_207' title='bbox 1586 2471 1670 2528; x_wconf 83' lang='lat' dir='ltr'><em>sorte</em></span> 
     </span>
     <span class='ocr_line' id='line_1_22' title="bbox 445 2549 1671 2633; baseline 0.003 -21"><span class='ocrx_word' id='word_1_208' title='bbox 445 2552 597 2614; x_wconf 85' lang='lat' dir='ltr'><em>Lacerdae</em></span> <span class='ocrx_word' id='word_1_209' title='bbox 605 2569 784 2632; x_wconf 77' lang='lat' dir='ltr'><em>prorcqnum</em></span> <span class='ocrx_word' id='word_1_210' title='bbox 792 2555 971 2613; x_wconf 89' lang='lat' dir='ltr'><em>secundante</em></span> <span class='ocrx_word' id='word_1_211' title='bbox 981 2549 1094 2627; x_wconf 78' lang='lat' dir='ltr'><em>lactum</em></span> <span class='ocrx_word' id='word_1_212' title='bbox 1103 2559 1136 2615; x_wconf 90' lang='lat' dir='ltr'><em>ut</em></span> <span class='ocrx_word' id='word_1_213' title='bbox 1148 2572 1220 2631; x_wconf 79' lang='lat' dir='ltr'><em>quar</em></span> <span class='ocrx_word' id='word_1_214' title='bbox 1233 2555 1350 2617; x_wconf 88' lang='lat' dir='ltr'><em>litteras</em></span> <span class='ocrx_word' id='word_1_215' title='bbox 1364 2560 1478 2617; x_wconf 90' lang='lat' dir='ltr'><em>comitis</em></span> <span class='ocrx_word' id='word_1_216' title='bbox 1495 2555 1671 2633; x_wconf 79' lang='lat' dir='ltr'><em>Lamberaii</em></span> 
     </span>
     <span class='ocr_line' id='line_1_23' title="bbox 445 2643 1663 2724; baseline 0.002 -19"><span class='ocrx_word' id='word_1_217' title='bbox 445 2645 622 2707; x_wconf 84' lang='lat' dir='ltr'><em>domesticus</em></span> <span class='ocrx_word' id='word_1_218' title='bbox 634 2645 676 2704; x_wconf 91' lang='lat' dir='ltr'><em>ad</em></span> <span class='ocrx_word' id='word_1_219' title='bbox 688 2644 832 2704; x_wconf 84' lang='lat' dir='ltr'><em>loannem</em></span> <span class='ocrx_word' id='word_1_220' title='bbox 851 2643 1027 2723; x_wconf 76' lang='lat' dir='ltr'><em>Viplicnam,</em></span> <span class='ocrx_word' id='word_1_221' title='bbox 1042 2645 1171 2722; x_wconf 89' lang='lat' dir='ltr'><em>bispana</em></span> <span class='ocrx_word' id='word_1_222' title='bbox 1184 2664 1236 2707; x_wconf 86' lang='lat' dir='ltr'><em>nee</em></span> <span class='ocrx_word' id='word_1_223' title='bbox 1251 2647 1372 2709; x_wconf 87' lang='lat' dir='ltr'><em>obscura</em></span> <span class='ocrx_word' id='word_1_224' title='bbox 1386 2653 1500 2724; x_wconf 82' lang='lat' dir='ltr'><em>oripiue</em></span> <span class='ocrx_word' id='word_1_225' title='bbox 1513 2649 1663 2709; x_wconf 84' lang='lat' dir='ltr'><em>bominem</em></span> 
     </span>
     <span class='ocr_line' id='line_1_24' title="bbox 444 2736 1665 2822; baseline 0.002 -25"><span class='ocrx_word' id='word_1_226' title='bbox 444 2754 460 2797; x_wconf 91' lang='lat' dir='ltr'><em>e</em></span> <span class='ocrx_word' id='word_1_227' title='bbox 479 2736 684 2809; x_wconf 63' lang='lat' dir='ltr'><em>Reatinorum</em></span> <span class='ocrx_word' id='word_1_228' title='bbox 696 2736 826 2814; x_wconf 75' lang='lat' dir='ltr'><em>familia,</em></span> <span class='ocrx_word' id='word_1_229' title='bbox 841 2742 1012 2815; x_wconf 83' lang='lat' dir='ltr'><em>scripserat,</em></span> <span class='ocrx_word' id='word_1_230' title='bbox 1028 2743 1222 2817; x_wconf 87' lang='lat' dir='ltr'><em>interciperet.</em></span> <span class='ocrx_word' id='word_1_231' title='bbox 1241 2738 1292 2801; x_wconf 81' lang='lat' dir='ltr'><em>Er</em></span> <span class='ocrx_word' id='word_1_232' title='bbox 1311 2742 1358 2803; x_wconf 86' lang='lat' dir='ltr'><em>bis</em></span> <span class='ocrx_word' id='word_1_233' title='bbox 1371 2746 1471 2817; x_wconf 84' lang='lat' dir='ltr'><em>utpote</em></span> <span class='ocrx_word' id='word_1_234' title='bbox 1485 2744 1522 2803; x_wconf 91' lang='lat' dir='ltr'><em>de</em></span> <span class='ocrx_word' id='word_1_235' title='bbox 1536 2759 1570 2800; x_wconf 88' lang='lat' dir='ltr'><em>re</em></span> <span class='ocrx_word' id='word_1_236' title='bbox 1579 2741 1665 2822; x_wconf 88' lang='lat' dir='ltr'><em>jam-</em></span> 
     </span>
     <span class='ocr_line' id='line_1_25' title="bbox 443 2831 1666 2915; baseline 0.003 -24"><span class='ocrx_word' id='word_1_237' title='bbox 443 2831 497 2891; x_wconf 92' lang='lat' dir='ltr'><em>diu</em></span> <span class='ocrx_word' id='word_1_238' title='bbox 518 2838 741 2909; x_wconf 89' lang='lat' dir='ltr'><em>communicola,</em></span> <span class='ocrx_word' id='word_1_239' title='bbox 759 2838 918 2913; x_wconf 89' lang='lat' dir='ltr'><em>conceptis,</em></span> <span class='ocrx_word' id='word_1_240' title='bbox 939 2835 1019 2897; x_wconf 86' lang='lat' dir='ltr'><em>nibil</em></span> <span class='ocrx_word' id='word_1_241' title='bbox 1032 2842 1186 2915; x_wconf 82' lang='lat' dir='ltr'><em>praeterea</em></span> <span class='ocrx_word' id='word_1_242' title='bbox 1194 2841 1306 2915; x_wconf 92' lang='lat' dir='ltr'><em>potuit,</em></span> <span class='ocrx_word' id='word_1_243' title='bbox 1321 2841 1383 2897; x_wconf 91' lang='lat' dir='ltr'><em>nisi</em></span> <span class='ocrx_word' id='word_1_244' title='bbox 1405 2837 1559 2914; x_wconf 76' lang='lat' dir='ltr'><em>qnamdam</em></span> <span class='ocrx_word' id='word_1_245' title='bbox 1581 2836 1666 2896; x_wconf 77' lang='lat' dir='ltr'><em>losc-</em></span> 
     </span>
     <span class='ocr_line' id='line_1_26' title="bbox 278 2920 1667 3006; baseline 0.004 -27"><span class='ocrx_word' id='word_1_246' title='bbox 278 2949 283 2959; x_wconf 91' lang='lat'><strong>·</strong></span> <span class='ocrx_word' id='word_1_247' title='bbox 379 2999 383 3006; x_wconf 28' lang='grc' dir='ltr'>Ι</span> <span class='ocrx_word' id='word_1_248' title='bbox 437 2920 531 2995; x_wconf 89' lang='lat' dir='ltr'><em>pbum</em></span> <span class='ocrx_word' id='word_1_249' title='bbox 546 2922 675 2983; x_wconf 70' lang='lat' dir='ltr'><em>strenam</em></span> <span class='ocrx_word' id='word_1_250' title='bbox 697 2930 823 3000; x_wconf 87' lang='lat' dir='ltr'><em>nomino,</em></span> <span class='ocrx_word' id='word_1_251' title='bbox 837 2926 1026 3003; x_wconf 86' lang='lat' dir='ltr'><em>siciliensem,</em></span> <span class='ocrx_word' id='word_1_252' title='bbox 1039 2924 1165 3003; x_wconf 78' lang='lat' dir='ltr'><em>cohortis</em></span> <span class='ocrx_word' id='word_1_253' title='bbox 1189 2929 1292 2988; x_wconf 89' lang='lat' dir='ltr'><em>ducem</em></span> <span class='ocrx_word' id='word_1_254' title='bbox 1306 2933 1339 2986; x_wconf 88' lang='lat' dir='ltr'><em>in</em></span> <span class='ocrx_word' id='word_1_255' title='bbox 1353 2929 1486 2988; x_wconf 88' lang='lat' dir='ltr'><em>ordinem</em></span> <span class='ocrx_word' id='word_1_256' title='bbox 1499 2927 1667 3002; x_wconf 87' lang='lat' dir='ltr'><em>redactum,</em></span> 
     </span>
     <span class='ocr_line' id='line_1_27' title="bbox 444 3013 1664 3098; baseline 0.002 -27"><span class='ocrx_word' id='word_1_257' title='bbox 444 3016 472 3071; x_wconf 91' lang='lat' dir='ltr'><em>et</em></span> <span class='ocrx_word' id='word_1_258' title='bbox 495 3013 606 3091; x_wconf 84' lang='lat' dir='ltr'><em>aliquot</em></span> <span class='ocrx_word' id='word_1_259' title='bbox 619 3015 767 3093; x_wconf 85' lang='lat' dir='ltr'><em>Hispanos</em></span> <span class='ocrx_word' id='word_1_260' title='bbox 780 3020 927 3095; x_wconf 88' lang='lat' dir='ltr'><em>stipendia</em></span> <span class='ocrx_word' id='word_1_261' title='bbox 940 3024 1071 3080; x_wconf 90' lang='lat' dir='ltr'><em>emeritos</em></span> <span class='ocrx_word' id='word_1_262' title='bbox 1095 3024 1129 3080; x_wconf 93' lang='lat' dir='ltr'><em>in</em></span> <span class='ocrx_word' id='word_1_263' title='bbox 1142 3037 1262 3098; x_wconf 80' lang='lat' dir='ltr'><em>repnum</em></span> <span class='ocrx_word' id='word_1_264' title='bbox 1276 3024 1472 3096; x_wconf 88' lang='lat' dir='ltr'><em>conspirasse.</em></span> <span class='ocrx_word' id='word_1_265' title='bbox 1488 3015 1582 3096; x_wconf 73' lang='lat' dir='ltr'><em>lquor</em></span> <span class='ocrx_word' id='word_1_266' title='bbox 1616 3016 1664 3074; x_wconf 85' lang='lat' dir='ltr'><em>Vi·</em></span> 
     </span>
     <span class='ocr_line' id='line_1_28' title="bbox 441 3101 1663 3191; baseline 0.007 -31"><span class='ocrx_word' id='word_1_267' title='bbox 441 3101 543 3182; x_wconf 73' lang='lat' dir='ltr'><em>qliena</em></span> <span class='ocrx_word' id='word_1_268' title='bbox 558 3107 774 3184; x_wconf 75' lang='lat' dir='ltr'><em>comprehenso,</em></span> <span class='ocrx_word' id='word_1_269' title='bbox 785 3109 866 3168; x_wconf 89' lang='lat' dir='ltr'><em>aliae</em></span> <span class='ocrx_word' id='word_1_270' title='bbox 879 3108 943 3191; x_wconf 88' lang='lat' dir='ltr'><em>ejus</em></span> <span class='ocrx_word' id='word_1_271' title='bbox 954 3108 1069 3169; x_wconf 89' lang='lat' dir='ltr'><em>litterae</em></span> <span class='ocrx_word' id='word_1_272' title='bbox 1083 3114 1252 3188; x_wconf 87' lang='lat' dir='ltr'><em>occupatae.</em></span> <span class='ocrx_word' id='word_1_273' title='bbox 1264 3111 1321 3172; x_wconf 88' lang='lat' dir='ltr'><em>Sed</em></span> <span class='ocrx_word' id='word_1_274' title='bbox 1333 3127 1374 3169; x_wconf 80' lang='lat' dir='ltr'><em>en</em></span> <span class='ocrx_word' id='word_1_275' title='bbox 1387 3113 1426 3169; x_wconf 92' lang='lat' dir='ltr'><em>iis</em></span> <span class='ocrx_word' id='word_1_276' title='bbox 1436 3107 1513 3187; x_wconf 83' lang='lat' dir='ltr'><em>sipla</em></span> <span class='ocrx_word' id='word_1_277' title='bbox 1525 3112 1663 3186; x_wconf 87' lang='lat' dir='ltr'><em>scriptis,</em></span> 
     </span>
     <span class='ocr_line' id='line_1_29' title="bbox 442 3201 1664 3284; baseline 0.006 -28"><span class='ocrx_word' id='word_1_278' title='bbox 442 3201 470 3257; x_wconf 89' lang='lat' dir='ltr'><em>et</em></span> <span class='ocrx_word' id='word_1_279' title='bbox 479 3217 536 3276; x_wconf 87' lang='lat' dir='ltr'><em>por</em></span> <span class='ocrx_word' id='word_1_280' title='bbox 559 3207 695 3262; x_wconf 85' lang='lat' dir='ltr'><em>constans</em></span> <span class='ocrx_word' id='word_1_281' title='bbox 715 3202 863 3281; x_wconf 80' lang='lat' dir='ltr'><em>Viplienae</em></span> <span class='ocrx_word' id='word_1_282' title='bbox 876 3205 1025 3266; x_wconf 87' lang='lat' dir='ltr'><em>sitentium</em></span> <span class='ocrx_word' id='word_1_283' title='bbox 1048 3210 1075 3265; x_wconf 94' lang='lat' dir='ltr'><em>ct</em></span> <span class='ocrx_word' id='word_1_284' title='bbox 1100 3206 1213 3267; x_wconf 84' lang='lat' dir='ltr'><em>Arenae</em></span> <span class='ocrx_word' id='word_1_285' title='bbox 1236 3203 1361 3284; x_wconf 80' lang='lat' dir='ltr'><em>sapam,</em></span> <span class='ocrx_word' id='word_1_286' title='bbox 1376 3205 1556 3265; x_wconf 87' lang='lat' dir='ltr'><em>insidiarum</em></span> <span class='ocrx_word' id='word_1_287' title='bbox 1569 3207 1664 3280; x_wconf 82' lang='lat' dir='ltr'><em>eaput</em></span> 
     </span>
     <span class='ocr_line' id='line_1_30' title="bbox 440 3290 1664 3377; baseline 0.002 -26"><span class='ocrx_word' id='word_1_288' title='bbox 440 3290 656 3371; x_wconf 76' lang='lat' dir='ltr'><em>diquantispcr</em></span> <span class='ocrx_word' id='word_1_289' title='bbox 669 3295 825 3355; x_wconf 88' lang='lat' dir='ltr'><em>occultum.</em></span> <span class='ocrx_word' id='word_1_290' title='bbox 843 3297 917 3355; x_wconf 87' lang='lat' dir='ltr'><em>Dum</em></span> <span class='ocrx_word' id='word_1_291' title='bbox 933 3295 1006 3355; x_wconf 83' lang='lat' dir='ltr'><em>baec</em></span> <span class='ocrx_word' id='word_1_292' title='bbox 1024 3296 1152 3374; x_wconf 88' lang='lat' dir='ltr'><em>Neapoli</em></span> <span class='ocrx_word' id='word_1_293' title='bbox 1166 3302 1337 3375; x_wconf 78' lang='lat' dir='ltr'><em>operentur,</em></span> <span class='ocrx_word' id='word_1_294' title='bbox 1345 3297 1414 3377; x_wconf 84' lang='lat' dir='ltr'><em>jam</em></span> <span class='ocrx_word' id='word_1_295' title='bbox 1428 3294 1535 3354; x_wconf 81' lang='lat' dir='ltr'><em>Rornae</em></span> <span class='ocrx_word' id='word_1_296' title='bbox 1559 3300 1593 3354; x_wconf 89' lang='lat' dir='ltr'><em>in</em></span> <span class='ocrx_word' id='word_1_297' title='bbox 1607 3311 1664 3354; x_wconf 92' lang='lat' dir='ltr'><em>no·</em></span> 
     </span>
     <span class='ocr_line' id='line_1_31' title="bbox 439 3383 1662 3466; baseline 0.004 -26"><span class='ocrx_word' id='word_1_298' title='bbox 439 3386 559 3444; x_wconf 78' lang='lat' dir='ltr'><em>pissimo</em></span> <span class='ocrx_word' id='word_1_299' title='bbox 572 3390 712 3446; x_wconf 86' lang='lat' dir='ltr'><em>conuentu</em></span> <span class='ocrx_word' id='word_1_300' title='bbox 723 3386 806 3463; x_wconf 90' lang='lat' dir='ltr'><em>apud</em></span> <span class='ocrx_word' id='word_1_301' title='bbox 823 3386 994 3446; x_wconf 85' lang='lat' dir='ltr'><em>Grimanum</em></span> <span class='ocrx_word' id='word_1_302' title='bbox 1004 3384 1115 3463; x_wconf 84' lang='lat' dir='ltr'><em>babilo,</em></span> <span class='ocrx_word' id='word_1_303' title='bbox 1127 3392 1178 3447; x_wconf 89' lang='lat' dir='ltr'><em>cui</em></span> <span class='ocrx_word' id='word_1_304' title='bbox 1190 3391 1276 3446; x_wconf 90' lang='lat' dir='ltr'><em>ctiam</em></span> <span class='ocrx_word' id='word_1_305' title='bbox 1289 3386 1421 3466; x_wconf 76' lang='lat' dir='ltr'><em>Anpclus</em></span> <span class='ocrx_word' id='word_1_306' title='bbox 1438 3386 1513 3445; x_wconf 85' lang='lat' dir='ltr'><em>Cera</em></span> <span class='ocrx_word' id='word_1_307' title='bbox 1530 3383 1662 3445; x_wconf 75' lang='lat' dir='ltr'><em>(trimal-</em></span> 
     </span>
     <span class='ocr_line' id='line_1_32' title="bbox 441 3472 1663 3554; baseline 0.002 -22"><span class='ocrx_word' id='word_1_308' title='bbox 441 3474 498 3536; x_wconf 91' lang='lat' dir='ltr'><em>dus</em></span> <span class='ocrx_word' id='word_1_309' title='bbox 512 3472 662 3551; x_wconf 79' lang='lat' dir='ltr'><em>interfuit,</em></span> <span class='ocrx_word' id='word_1_310' title='bbox 677 3474 846 3554; x_wconf 78' lang='lat' dir='ltr'><em>litterasque</em></span> <span class='ocrx_word' id='word_1_311' title='bbox 859 3474 952 3552; x_wconf 88' lang='lat' dir='ltr'><em>dedit,</em></span> <span class='ocrx_word' id='word_1_312' title='bbox 964 3476 1070 3553; x_wconf 79' lang='lat' dir='ltr'><em>quibrss</em></span> <span class='ocrx_word' id='word_1_313' title='bbox 1079 3475 1121 3535; x_wconf 93' lang='lat' dir='ltr'><em>ad</em></span> <span class='ocrx_word' id='word_1_314' title='bbox 1131 3475 1390 3536; x_wconf 79' lang='lat' dir='ltr'><em>Bartbotoneaeum</em></span> <span class='ocrx_word' id='word_1_315' title='bbox 1402 3474 1526 3552; x_wconf 76' lang='lat' dir='ltr'><em>fratrem</em></span> <span class='ocrx_word' id='word_1_316' title='bbox 1542 3479 1576 3534; x_wconf 93' lang='lat' dir='ltr'><em>in</em></span> <span class='ocrx_word' id='word_1_317' title='bbox 1590 3473 1663 3534; x_wconf 86' lang='lat' dir='ltr'><em>Ger·</em></span> 
     </span>
     <span class='ocr_line' id='line_1_33' title="bbox 440 3570 1663 3652; baseline 0.005 -24"><span class='ocrx_word' id='word_1_318' title='bbox 440 3587 595 3632; x_wconf 88' lang='lat' dir='ltr'><em>manorum</em></span> <span class='ocrx_word' id='word_1_319' title='bbox 604 3573 745 3651; x_wconf 85' lang='lat' dir='ltr'><em>portibus</em></span> <span class='ocrx_word' id='word_1_320' title='bbox 755 3571 956 3650; x_wconf 75' lang='lat' dir='ltr'><em>confirmabat,</em></span> <span class='ocrx_word' id='word_1_321' title='bbox 969 3574 1133 3634; x_wconf 86' lang='lat' dir='ltr'><em>turbulenta</em></span> <span class='ocrx_word' id='word_1_322' title='bbox 1147 3576 1300 3651; x_wconf 76' lang='lat' dir='ltr'><em>expeditio</em></span> <span class='ocrx_word' id='word_1_323' title='bbox 1311 3573 1436 3635; x_wconf 86' lang='lat' dir='ltr'><em>decreta.</em></span> <span class='ocrx_word' id='word_1_324' title='bbox 1453 3572 1551 3652; x_wconf 78' lang='lat' dir='ltr'><em>Ipitur</em></span> <span class='ocrx_word' id='word_1_325' title='bbox 1566 3570 1663 3634; x_wconf 76' lang='lat' dir='ltr'><em>Clas·</em></span> 
     </span>
     <span class='ocr_line' id='line_1_34' title="bbox 443 3662 1661 3744; baseline 0.002 -23"><span class='ocrx_word' id='word_1_326' title='bbox 443 3667 585 3742; x_wconf 78' lang='lat' dir='ltr'><em>sipnetus,</em></span> <span class='ocrx_word' id='word_1_327' title='bbox 600 3662 745 3742; x_wconf 80' lang='lat' dir='ltr'><em>Iosepbns</em></span> <span class='ocrx_word' id='word_1_328' title='bbox 763 3665 908 3743; x_wconf 76' lang='lat' dir='ltr'><em>Cappcius</em></span> <span class='ocrx_word' id='word_1_329' title='bbox 926 3668 955 3724; x_wconf 90' lang='lat' dir='ltr'><em>et</em></span> <span class='ocrx_word' id='word_1_330' title='bbox 969 3663 1113 3744; x_wconf 80' lang='lat' dir='ltr'><em>Sanqrim</em></span> <span class='ocrx_word' id='word_1_331' title='bbox 1128 3667 1214 3727; x_wconf 89' lang='lat' dir='ltr'><em>deoio</em></span> <span class='ocrx_word' id='word_1_332' title='bbox 1232 3669 1349 3738; x_wconf 85' lang='lat' dir='ltr'><em>itinere,</em></span> <span class='ocrx_word' id='word_1_333' title='bbox 1364 3667 1550 3741; x_wconf 80' lang='lat' dir='ltr'><em>acceptoque,</em></span> <span class='ocrx_word' id='word_1_334' title='bbox 1567 3665 1610 3725; x_wconf 88' lang='lat' dir='ltr'><em>ad</em></span> <span class='ocrx_word' id='word_1_335' title='bbox 1626 3664 1661 3724; x_wconf 88' lang='lat' dir='ltr'><em>id</em></span> 
     </span>
     <span class='ocr_line' id='line_1_35' title="bbox 443 3752 1660 3837; baseline -0.001 -23"><span class='ocrx_word' id='word_1_336' title='bbox 443 3755 519 3814; x_wconf 92' lang='lat' dir='ltr'><em>duce</em></span> <span class='ocrx_word' id='word_1_337' title='bbox 536 3756 673 3837; x_wconf 82' lang='lat' dir='ltr'><em>Cajetani</em></span> <span class='ocrx_word' id='word_1_338' title='bbox 686 3755 788 3815; x_wconf 88' lang='lat' dir='ltr'><em>cliente</em></span> <span class='ocrx_word' id='word_1_339' title='bbox 806 3755 966 3816; x_wconf 88' lang='lat' dir='ltr'><em>Cisternum</em></span> <span class='ocrx_word' id='word_1_340' title='bbox 980 3759 1121 3833; x_wconf 71' lang='lat' dir='ltr'><em>pereunt,</em></span> <span class='ocrx_word' id='word_1_341' title='bbox 1135 3756 1257 3816; x_wconf 84' lang='lat' dir='ltr'><em>ibicum</em></span> <span class='ocrx_word' id='word_1_342' title='bbox 1274 3754 1413 3835; x_wconf 65' lang='lat' dir='ltr'><em>Caietano</em></span> <span class='ocrx_word' id='word_1_343' title='bbox 1437 3758 1465 3814; x_wconf 92' lang='lat' dir='ltr'><em>et</em></span> <span class='ocrx_word' id='word_1_344' title='bbox 1479 3752 1660 3832; x_wconf 76' lang='lat' dir='ltr'><em>Hieronymo</em></span> 
     </span>
     <span class='ocr_line' id='line_1_36' title="bbox 450 3848 1659 3931; baseline 0.001 -24"><span class='ocrx_word' id='word_1_345' title='bbox 450 3848 577 3928; x_wconf 79' lang='lat' dir='ltr'><em>Cappcio</em></span> <span class='ocrx_word' id='word_1_346' title='bbox 592 3849 717 3910; x_wconf 88' lang='lat' dir='ltr'><em>consilia</em></span> <span class='ocrx_word' id='word_1_347' title='bbox 731 3849 895 3930; x_wconf 73' lang='lat' dir='ltr'><em>conserunt,</em></span> <span class='ocrx_word' id='word_1_348' title='bbox 904 3852 1088 3931; x_wconf 81' lang='lat' dir='ltr'><em>placuitque,</em></span> <span class='ocrx_word' id='word_1_349' title='bbox 1101 3856 1134 3912; x_wconf 88' lang='lat' dir='ltr'><em>nt</em></span> <span class='ocrx_word' id='word_1_350' title='bbox 1146 3852 1199 3912; x_wconf 90' lang='lat' dir='ltr'><em>ubi</em></span> <span class='ocrx_word' id='word_1_351' title='bbox 1212 3852 1410 3912; x_wconf 87' lang='lat' dir='ltr'><em>Beneuentum</em></span> <span class='ocrx_word' id='word_1_352' title='bbox 1418 3855 1592 3927; x_wconf 86' lang='lat' dir='ltr'><em>peruentum</em></span> <span class='ocrx_word' id='word_1_353' title='bbox 1606 3853 1659 3926; x_wconf 90' lang='lat' dir='ltr'><em>sit,</em></span> 
     </span>
     <span class='ocr_line' id='line_1_37' title="bbox 441 3944 1659 4025; baseline 0.002 -23"><span class='ocrx_word' id='word_1_354' title='bbox 441 3944 479 4003; x_wconf 91' lang='lat' dir='ltr'><em>de</em></span> <span class='ocrx_word' id='word_1_355' title='bbox 497 3944 632 4022; x_wconf 87' lang='lat' dir='ltr'><em>Capuani</em></span> <span class='ocrx_word' id='word_1_356' title='bbox 645 3949 798 4022; x_wconf 89' lang='lat' dir='ltr'><em>sententia,</em></span> <span class='ocrx_word' id='word_1_357' title='bbox 812 3944 992 4024; x_wconf 84' lang='lat' dir='ltr'><em>aliorumque</em></span> <span class='ocrx_word' id='word_1_358' title='bbox 1004 3950 1057 4023; x_wconf 84' lang='lat' dir='ltr'><em>qui</em></span> <span class='ocrx_word' id='word_1_359' title='bbox 1070 3945 1197 4023; x_wconf 82' lang='lat' dir='ltr'><em>Neapoli</em></span> <span class='ocrx_word' id='word_1_360' title='bbox 1209 3965 1243 4006; x_wconf 90' lang='lat' dir='ltr'><em>eo</em></span> <span class='ocrx_word' id='word_1_361' title='bbox 1256 3949 1461 4025; x_wconf 83' lang='lat' dir='ltr'><em>conuenerant,</em></span> <span class='ocrx_word' id='word_1_362' title='bbox 1475 3947 1539 4006; x_wconf 90' lang='lat' dir='ltr'><em>dies</em></span> <span class='ocrx_word' id='word_1_363' title='bbox 1562 3949 1659 4004; x_wconf 90' lang='lat' dir='ltr'><em>mot-us</em></span> 
     </span>
     <span class='ocr_line' id='line_1_38' title="bbox 439 4036 1660 4117; baseline 0.001 -21"><span class='ocrx_word' id='word_1_364' title='bbox 439 4036 582 4114; x_wconf 88' lang='lat' dir='ltr'><em>edicatur,</em></span> <span class='ocrx_word' id='word_1_365' title='bbox 597 4042 624 4097; x_wconf 88' lang='lat' dir='ltr'><em>ot</em></span> <span class='ocrx_word' id='word_1_366' title='bbox 633 4037 676 4096; x_wconf 90' lang='lat' dir='ltr'><em>ad</em></span> <span class='ocrx_word' id='word_1_367' title='bbox 685 4037 812 4098; x_wconf 83' lang='lat' dir='ltr'><em>Aualum</em></span> <span class='ocrx_word' id='word_1_368' title='bbox 825 4038 938 4100; x_wconf 87' lang='lat' dir='ltr'><em>litteras</em></span> <span class='ocrx_word' id='word_1_369' title='bbox 951 4040 1108 4100; x_wconf 90' lang='lat' dir='ltr'><em>mittendas</em></span> <span class='ocrx_word' id='word_1_370' title='bbox 1119 4043 1232 4117; x_wconf 86' lang='lat' dir='ltr'><em>curent,</em></span> <span class='ocrx_word' id='word_1_371' title='bbox 1243 4043 1275 4098; x_wconf 90' lang='lat' dir='ltr'><em>ut</em></span> <span class='ocrx_word' id='word_1_372' title='bbox 1285 4039 1326 4098; x_wconf 92' lang='lat' dir='ltr'><em>ad</em></span> <span class='ocrx_word' id='word_1_373' title='bbox 1333 4038 1496 4098; x_wconf 78' lang='lat' dir='ltr'><em>cmsdictam</em></span> <span class='ocrx_word' id='word_1_374' title='bbox 1506 4038 1584 4096; x_wconf 88' lang='lat' dir='ltr'><em>diem</em></span> <span class='ocrx_word' id='word_1_375' title='bbox 1593 4055 1660 4097; x_wconf 90' lang='lat' dir='ltr'><em>cum</em></span> 
     </span>
     <span class='ocr_line' id='line_1_39' title="bbox 437 4126 1659 4211; baseline 0.001 -23"><span class='ocrx_word' id='word_1_376' title='bbox 437 4130 499 4188; x_wconf 85' lang='lat' dir='ltr'><em>suis</em></span> <span class='ocrx_word' id='word_1_377' title='bbox 512 4132 669 4188; x_wconf 80' lang='lat' dir='ltr'><em>instructus</em></span> <span class='ocrx_word' id='word_1_378' title='bbox 683 4135 775 4209; x_wconf 76' lang='lat' dir='ltr'><em>apat,</em></span> <span class='ocrx_word' id='word_1_379' title='bbox 802 4135 828 4193; x_wconf 87' lang='lat' dir='ltr'><em>ot</em></span> <span class='ocrx_word' id='word_1_380' title='bbox 849 4134 936 4190; x_wconf 90' lang='lat' dir='ltr'><em>motis</em></span> <span class='ocrx_word' id='word_1_381' title='bbox 944 4129 1010 4211; x_wconf 89' lang='lat' dir='ltr'><em>jam</em></span> <span class='ocrx_word' id='word_1_382' title='bbox 1023 4129 1118 4206; x_wconf 87' lang='lat' dir='ltr'><em>rebus,</em></span> <span class='ocrx_word' id='word_1_383' title='bbox 1133 4129 1294 4211; x_wconf 80' lang='lat' dir='ltr'><em>conjuratis</em></span> <span class='ocrx_word' id='word_1_384' title='bbox 1308 4145 1392 4206; x_wconf 88' lang='lat' dir='ltr'><em>opem</em></span> <span class='ocrx_word' id='word_1_385' title='bbox 1404 4126 1497 4203; x_wconf 84' lang='lat' dir='ltr'><em>serat,</em></span> <span class='ocrx_word' id='word_1_386' title='bbox 1511 4132 1538 4186; x_wconf 89' lang='lat' dir='ltr'><em>et</em></span> <span class='ocrx_word' id='word_1_387' title='bbox 1550 4127 1659 4189; x_wconf 88' lang='lat' dir='ltr'><em>ibidem</em></span> 
     </span>
     <span class='ocr_line' id='line_1_40' title="bbox 441 4222 1656 4303; baseline 0.001 -25"><span class='ocrx_word' id='word_1_388' title='bbox 441 4226 613 4279; x_wconf 77' lang='lat' dir='ltr'><em>concinentes</em></span> <span class='ocrx_word' id='word_1_389' title='bbox 634 4223 761 4284; x_wconf 76' lang='lat' dir='ltr'><em>auxiliis</em></span> <span class='ocrx_word' id='word_1_390' title='bbox 775 4223 1065 4303; x_wconf 79' lang='lat' dir='ltr'><em>permanicispoutto</em></span> <span class='ocrx_word' id='word_1_391' title='bbox 1071 4228 1140 4302; x_wconf 90' lang='lat' dir='ltr'><em>post</em></span> <span class='ocrx_word' id='word_1_392' title='bbox 1153 4225 1227 4285; x_wconf 88' lang='lat' dir='ltr'><em>illuc</em></span> <span class='ocrx_word' id='word_1_393' title='bbox 1238 4222 1389 4285; x_wconf 87' lang='lat' dir='ltr'><em>mittendis</em></span> <span class='ocrx_word' id='word_1_394' title='bbox 1402 4224 1573 4299; x_wconf 75' lang='lat' dir='ltr'><em>exprompti</em></span> <span class='ocrx_word' id='word_1_395' title='bbox 1584 4224 1656 4281; x_wconf 87' lang='lat' dir='ltr'><em>sint.</em></span> 
     </span>
     <span class='ocr_line' id='line_1_41' title="bbox 436 4314 1659 4402; baseline 0.002 -28"><span class='ocrx_word' id='word_1_396' title='bbox 436 4314 492 4377; x_wconf 87' lang='lat' dir='ltr'><em>His</em></span> <span class='ocrx_word' id='word_1_397' title='bbox 501 4322 676 4397; x_wconf 86' lang='lat' dir='ltr'><em>compositis,</em></span> <span class='ocrx_word' id='word_1_398' title='bbox 684 4322 749 4380; x_wconf 88' lang='lat' dir='ltr'><em>dati</em></span> <span class='ocrx_word' id='word_1_399' title='bbox 760 4339 779 4381; x_wconf 91' lang='lat' dir='ltr'><em>a</em></span> <span class='ocrx_word' id='word_1_400' title='bbox 790 4320 931 4402; x_wconf 83' lang='lat' dir='ltr'><em>Cajotono</em></span> <span class='ocrx_word' id='word_1_401' title='bbox 941 4325 1050 4380; x_wconf 90' lang='lat' dir='ltr'><em>armati</em></span> <span class='ocrx_word' id='word_1_402' title='bbox 1065 4319 1244 4396; x_wconf 83' lang='lat' dir='ltr'><em>bmnines,et</em></span> <span class='ocrx_word' id='word_1_403' title='bbox 1258 4321 1386 4381; x_wconf 88' lang='lat' dir='ltr'><em>locorum</em></span> <span class='ocrx_word' id='word_1_404' title='bbox 1395 4323 1486 4395; x_wconf 75' lang='lat' dir='ltr'><em>ausui</em></span> <span class='ocrx_word' id='word_1_405' title='bbox 1496 4322 1549 4394; x_wconf 84' lang='lat' dir='ltr'><em>qui</em></span> <span class='ocrx_word' id='word_1_406' title='bbox 1565 4314 1659 4377; x_wconf 88' lang='lat' dir='ltr'><em>Cbas-</em></span> 
     </span>
     <span class='ocr_line' id='line_1_42' title="bbox 435 4414 1659 4496; baseline -0.002 -22"><span class='ocrx_word' id='word_1_407' title='bbox 435 4418 581 4491; x_wconf 77' lang='lat' dir='ltr'><em>sipnetum</em></span> <span class='ocrx_word' id='word_1_408' title='bbox 596 4432 660 4473; x_wconf 89' lang='lat' dir='ltr'><em>cum</em></span> <span class='ocrx_word' id='word_1_409' title='bbox 670 4414 797 4492; x_wconf 83' lang='lat' dir='ltr'><em>Sonprio</em></span> <span class='ocrx_word' id='word_1_410' title='bbox 810 4423 837 4478; x_wconf 90' lang='lat' dir='ltr'><em>et</em></span> <span class='ocrx_word' id='word_1_411' title='bbox 847 4416 976 4496; x_wconf 83' lang='lat' dir='ltr'><em>loscplro</em></span> <span class='ocrx_word' id='word_1_412' title='bbox 989 4421 1118 4496; x_wconf 74' lang='lat' dir='ltr'><em>Capycio</em></span> <span class='ocrx_word' id='word_1_413' title='bbox 1126 4435 1184 4495; x_wconf 90' lang='lat' dir='ltr'><em>per</em></span> <span class='ocrx_word' id='word_1_414' title='bbox 1196 4420 1285 4479; x_wconf 85' lang='lat' dir='ltr'><em>deuia</em></span> <span class='ocrx_word' id='word_1_415' title='bbox 1295 4419 1415 4489; x_wconf 88' lang='lat' dir='ltr'><em>ducant,</em></span> <span class='ocrx_word' id='word_1_416' title='bbox 1428 4419 1456 4472; x_wconf 92' lang='lat' dir='ltr'><em>ct</em></span> <span class='ocrx_word' id='word_1_417' title='bbox 1472 4415 1659 4489; x_wconf 86' lang='lat' dir='ltr'><em>comitentur,</em></span> 
     </span>
     <span class='ocr_line' id='line_1_43' title="bbox 435 4500 1662 4586; baseline 0 -26"><span class='ocrx_word' id='word_1_418' title='bbox 435 4500 527 4562; x_wconf 81' lang='lat' dir='ltr'><em>Roma</em></span> <span class='ocrx_word' id='word_1_419' title='bbox 542 4508 653 4563; x_wconf 87' lang='lat' dir='ltr'><em>interea</em></span> <span class='ocrx_word' id='word_1_420' title='bbox 669 4504 850 4585; x_wconf 76' lang='lat' dir='ltr'><em>Cbassipneti</em></span> <span class='ocrx_word' id='word_1_421' title='bbox 861 4511 887 4569; x_wconf 90' lang='lat' dir='ltr'><em>ot</em></span> <span class='ocrx_word' id='word_1_422' title='bbox 903 4506 1023 4586; x_wconf 76' lang='lat' dir='ltr'><em>Sanprii</em></span> <span class='ocrx_word' id='word_1_423' title='bbox 1034 4506 1164 4566; x_wconf 89' lang='lat' dir='ltr'><em>absentia</em></span> <span class='ocrx_word' id='word_1_424' title='bbox 1174 4511 1311 4583; x_wconf 75' lang='lat' dir='ltr'><em>insipnis,</em></span> <span class='ocrx_word' id='word_1_425' title='bbox 1327 4509 1354 4562; x_wconf 94' lang='lat' dir='ltr'><em>et</em></span> <span class='ocrx_word' id='word_1_426' title='bbox 1365 4507 1436 4581; x_wconf 81' lang='lat' dir='ltr'><em>quia</em></span> <span class='ocrx_word' id='word_1_427' title='bbox 1450 4507 1542 4561; x_wconf 86' lang='lat' dir='ltr'><em>tacita</em></span> <span class='ocrx_word' id='word_1_428' title='bbox 1557 4500 1662 4577; x_wconf 85' lang='lat' dir='ltr'><em>abitio,</em></span> 
     </span>
    </p>
   </div>
   <div class='ocr_carea' id='block_1_2' title="bbox 435 4591 1663 4774">
    <p class='ocr_par' dir='ltr' id='par_1_2' title="bbox 435 4591 1663 4774">
     <span class='ocr_line' id='line_1_44' title="bbox 435 4591 1663 4682; baseline -0.004 -29"><span class='ocrx_word' id='word_1_429' title='bbox 435 4599 609 4670; x_wconf 86' lang='lat' dir='ltr'><em>suspiciosa.</em></span> <span class='ocrx_word' id='word_1_430' title='bbox 625 4591 722 4671; x_wconf 83' lang='lat' dir='ltr'><em>lpitur</em></span> <span class='ocrx_word' id='word_1_431' title='bbox 743 4595 953 4673; x_wconf 85' lang='lat' dir='ltr'><em>Hispaniarum</em></span> <span class='ocrx_word' id='word_1_432' title='bbox 965 4595 1095 4672; x_wconf 80' lang='lat' dir='ltr'><em>Lepatus</em></span> <span class='ocrx_word' id='word_1_433' title='bbox 1109 4597 1152 4656; x_wconf 91' lang='lat' dir='ltr'><em>ad</em></span> <span class='ocrx_word' id='word_1_434' title='bbox 1168 4598 1321 4682; x_wconf 77' lang='lat' dir='ltr'><em>Proreaem</em></span> <span class='ocrx_word' id='word_1_435' title='bbox 1332 4594 1370 4653; x_wconf 91' lang='lat' dir='ltr'><em>de</em></span> <span class='ocrx_word' id='word_1_436' title='bbox 1383 4610 1417 4652; x_wconf 88' lang='lat' dir='ltr'><em>eo</em></span> <span class='ocrx_word' id='word_1_437' title='bbox 1433 4610 1465 4651; x_wconf 93' lang='lat' dir='ltr'><em>re</em></span> <span class='ocrx_word' id='word_1_438' title='bbox 1485 4591 1618 4664; x_wconf 88' lang='lat' dir='ltr'><em>litteras,</em></span> <span class='ocrx_word' id='word_1_439' title='bbox 1634 4594 1663 4650; x_wconf 85' lang='lat' dir='ltr'><em>et</em></span> 
     </span>
     <span class='ocr_line' id='line_1_45' title="bbox 437 4684 1659 4774; baseline -0.007 -23"><span class='ocrx_word' id='word_1_440' title='bbox 437 4692 635 4767; x_wconf 80' lang='lat' dir='ltr'><em>Clossipncti,</em></span> <span class='ocrx_word' id='word_1_441' title='bbox 647 4705 707 4766; x_wconf 82' lang='lat' dir='ltr'><em>quo</em></span> <span class='ocrx_word' id='word_1_442' title='bbox 719 4691 844 4769; x_wconf 71' lang='lat' dir='ltr'><em>sterilior</em></span> <span class='ocrx_word' id='word_1_443' title='bbox 857 4698 982 4774; x_wconf 74' lang='lat' dir='ltr'><em>(equitio,</em></span> <span class='ocrx_word' id='word_1_444' title='bbox 997 4699 1107 4755; x_wconf 87' lang='lat' dir='ltr'><em>iconem</em></span> <span class='ocrx_word' id='word_1_445' title='bbox 1121 4698 1250 4768; x_wconf 87' lang='lat' dir='ltr'><em>miserat,</em></span> <span class='ocrx_word' id='word_1_446' title='bbox 1264 4697 1291 4754; x_wconf 93' lang='lat' dir='ltr'><em>et</em></span> <span class='ocrx_word' id='word_1_447' title='bbox 1301 4691 1336 4753; x_wconf 92' lang='lat' dir='ltr'><em>ab</em></span> <span class='ocrx_word' id='word_1_448' title='bbox 1350 4689 1422 4752; x_wconf 86' lang='lat' dir='ltr'><em>baec</em></span> <span class='ocrx_word' id='word_1_449' title='bbox 1435 4695 1505 4769; x_wconf 87' lang='lat' dir='ltr'><em>ipsa</em></span> <span class='ocrx_word' id='word_1_450' title='bbox 1527 4704 1546 4746; x_wconf 92' lang='lat' dir='ltr'><em>a</em></span> <span class='ocrx_word' id='word_1_451' title='bbox 1562 4684 1659 4745; x_wconf 86' lang='lat' dir='ltr'><em>Nedi-</em></span> 
     </span>
    </p>
   </div>
   <div class='ocr_carea' id='block_1_3' title="bbox 0 0 1976 5592">
    <p class='ocr_par' dir='ltr' id='par_1_3' title="bbox 0 0 1976 5592">
     <span class='ocr_line' id='line_1_46' title="bbox 0 0 1976 5592; baseline 0 9"><span class='ocrx_word' id='word_1_452' title='bbox 0 0 1976 5592; x_wconf 95' lang='lat' dir='ltr'><em> </em></span> 
     </span>
    </p>
   </div>
  </div>
 </body>
</html>
