3942 5592
1414 514 1470 575 105

361 626 521 703 Temporis,
530 639 589 701 pro
601 640 644 700 τε,
659 637 736 698 quoe
751 625 795 680 est
808 625 840 678 in
853 622 997 696 temspore,
1013 623 1045 678 ut
1060 619 1177 681 saecula
1194 638 1299 696 cursu,
1313 620 1426 698 ferreo.
1541 622 1545 630 '

350 709 477 770 Habitus
490 710 585 765 ommi
591 720 651 780 pro
664 701 792 763 subiecto
805 703 882 776 ipso,
892 698 1121 776 peccheham
1131 701 1439 778 scelusproscelesto‚·
1450 720 1509 781 quo

296 792 437 871 ¹pertinet
450 786 506 849 illo
520 785 628 845 locutio
641 780 724 860 opust
742 782 917 842 Terentium.-

393 860 600 932 humoribus
615 861 700 926 dabit
714 877 813 924 nemo.

777 1039 820 1090 DE
842 1039 1062 1092 ssussenocna.

351 1195 462 1258 Latine
475 1215 511 1258 eo
524 1198 633 1259 hiciim·
658 1194 898 1273 comprehensio,
914 1198 1015 1271 estque
1031 1198 1155 1275 tropus,
1176 1210 1236 1271 quc
1248 1198 1341 1255 totum
1353 1197 1507 1271 propone

304 1282 441 1357 ponitur,
455 1281 483 1336 et
495 1280 637 1335 m'cissim.

364 1359 466 1419 Totum
482 1360 515 1416 in
529 1355 638 1418 scholis
651 1354 738 1416 aliud
752 1355 920 1416 uncumsole
934 1356 1058 1432 dicitur,
1073 1355 1163 1416 aliud
1172 1353 1327 1418 essentiale
1340 1401 1350 1436 ,
1363 1350 1452 1419 aliud
1463 1357 1507 1416 in

313 1438 438 1516 teprale.
455 1436 532 1496 Hinc
543 1455 599 1496 sec
613 1433 808 1515 synecdoches
825 1437 916 1496 modi.

355 1519 456 1580 Totius
469 1516 657 1594 unversolis,
672 1534 724 1579 scu
737 1520 855 1596 peruris
863 1533 922 1593 pro
935 1520 1044 1594 specie,
1058 1521 1091 1578 ut
1105 1517 1244 1579 mortales
1251 1531 1310 1595 pm
1323 1515 1510 1591 hominihus,

312 1596 475 1675 alloquium
486 1615 542 1674 pro
556 1598 762 1671 consolatione,
777 1596 891 1672 alloqui
901 1614 961 1674 pro
975 1599 1136 1660 consolari.

352 1678 471 1755 Spectet
479 1695 539 1756 pro
551 1695 664 1756 penore,
679 1684 712 1738 ul
727 1677 873 1756 Myrtoum
880 1695 940 1755 pro
953 1683 1033 1738 omni
1040 1697 1131 1756 more,
1145 1683 1245 1740 auster
1256 1694 1310 1754 pro
1321 1680 1400 1739 omni
1410 1679 1508 1737 vento.

355 1761 457 1821 Totum
470 1757 626 1819 essentiale
635 1775 695 1835 pro
707 1756 771 1820 sola
783 1755 881 1832 lorum
894 1801 903 1835 ,
917 1756 964 1819 vel
976 1758 1042 1819 solu
1054 1764 1192 1838 materia,
1207 1764 1238 1819 ut
1258 1759 1353 1819 Titius
1366 1756 1415 1819 hio
1430 1759 1505 1819 situs

310 1844 366 1911 estc
375 1855 450 1916 pars
463 1838 612 1915 socrualis,
624 1839 672 1900 oei
681 1837 848 1899 mamerciis
857 1854 917 1914 pro
931 1841 989 1897 toto
1002 1841 1166 1917 essentiali,
1181 1845 1213 1902 ut
1226 1837 1330 1901 anime
1343 1839 1399 1900 mi.

350 1919 417 1980 Huc
427 1922 557 1996 pertimet
568 1924 720 1996 arpentum
732 1935 786 1994 pro
795 1926 938 1993 pecunia,
950 1917 1066 1995 serrum
1073 1937 1132 1997 pro
1146 1925 1248 1981 armis.

353 2001 457 2062 Totum
470 1998 612 2075 imtcprole
623 2016 680 2074 pro
693 2003 798 2076 parte,
819 2001 853 2057 ut
876 2002 976 2062 Cicero
998 2001 1091 2060 dicit.-
1106 2020 1122 2056 c
1138 1999 1221 2062 uides
1241 1997 1338 2058 orbem
1358 2001 1507 2058 mirarum

312 2081 419 2142 divesis
431 2083 564 2156 imperiis
578 2082 682 2140 ardere
696 2079 771 2139 hello
786 2097 803 2133 τ)
812 2094 870 2154 pro
884 2082 1007 2154 imperio
1022 2094 1152 2140 rumano.

339 2159 425 2221 ,Pars
434 2158 592 2235 intepralis
602 2176 658 2235 pro
671 2164 740 2235 toto,
751 2162 785 2219 ui
795 2163 908 2236 puppis
917 2175 977 2235 pro
987 2163 1074 2235 naui,
1087 2177 1190 2222 mucro
1198 2177 1260 2240 pro
1270 2157 1389 2237 plutio,
1401 2160 1511 2219 lcctuuu

304 2257 363 2319 pro
375 2239 470 2317 dormo,
482 2242 570 2316 caput
577 2257 635 2317 pro
648 2239 775 2300 hormino.

351 2319 416 2380 fluo
437 2318 517 2396 refer
535 2335 688 2381 numerum
708 2317 888 2399 simpulorcm
902 2335 963 2395 pro
979 2319 1133 2398 plurativo
1148 2326 1214 2400 ,ut
1231 2336 1371 2383 romanus
1387 2317 1508 2397 praem

312 2406 416 2462 victor.

349 2480 481 2542 Plurolis
491 2499 548 2559 pro
565 2481 722 2560 simpulum,
737 2486 768 2539 ut
782 2479 870 2540 latini
883 2481 916 2535 in
926 2486 1026 2559 prono
1033 2496 1162 2559 persona
1174 2483 1335 2545 modestiae
1344 2486 1445 2560 prolia
1460 2480 1508 2541 oi-

308 2567 377 2623 cau
389 2578 444 2622 nos
452 2579 512 2639 pro
525 2579 586 2639 epo.

307 2865 320 2921 s
346 2789 393 2847 Del
408 2774 508 2860 tempo,
522 2803 571 2860 ρετ
584 2787 610 2844 la
623 2803 687 2846 aoso
700 2787 751 2846 che
764 2791 872 2848 arcione
885 2793 912 2850 in
925 2793 989 2866 quel
1003 2799 1104 2863 ῑετττρο,
1118 2805 1200 2850 come
1215 2811 1227 2840 o
1240 2790 1247 2846 i
1261 2789 1344 2849 secoli
1364 2788 1463 2862 d'oro,
1485 2788 1511 2846 di

319 2881 497 2999 erlrigll'hbito
511 2939 572 2998 dell'
582 2939 680 3009 animo,
693 2955 742 3010 ρετ
751 2941 777 2997 lo
789 2942 923 2998 subbietto
934 2946 1033 3014 stesso,
1048 2941 1098 2997 cho
1113 2942 1138 2999 lo
1153 2943 1198 3014 hu,
1212 2957 1289 2998 come
1302 2937 1511 3012 scellerapp'iae

277 3043 280 3048 ·
309 3032 358 3088 ρετ
371 3017 397 3074 lo
410 3015 573 3074 scellcroho:
588 3032 604 3073 ε
617 3017 680 3087 quel
693 3017 767 3074 detto
781 3019 806 3075 di
821 3017 955 3074 Terenzio:
975 3035 986 3065 ε
998 3018 1081 3073 niuno
1092 3018 1156 3075 dash
1167 3034 1182 3072 ε
1193 3019 1290 3074 colossi
1300 3015 1439 3072 costumia
1451 3013 1511 3071 εἰεε

311 3109 326 3149 ε
342 3110 423 3152 uomo
437 3093 459 3150 sl
473 3094 525 3150 mol
539 3099 702 3150 costumato.

787 3254 870 3293 nstin
884 3253 1057 3293 slnunuocms.

349 3395 533 3453 Latinamente
546 3398 568 3452 si
581 3397 685 3469 appella
699 3398 915 3471 comprehensio
930 3398 1162 3468 (compressione)
1177 3417 1183 3465 3
1199 3395 1233 3451 cd
1251 3395 1267 3452 ε
1282 3409 1318 3449 un
1340 3400 1436 3463 tropo,
1460 3404 1512 3446 con

310 3472 356 3526 cui
372 3471 394 3525 si
407 3488 476 3543 pone
492 3471 508 3527 il
523 3480 594 3529 lutto
608 3489 656 3544 ρετ
668 3474 692 3529 la
706 3483 791 3545 pomo,
808 3490 822 3529 ε
836 3473 1093 3530 viccndcvolmente.

349 3546 370 3602 ll
381 3549 461 3603 Tuiho
473 3547 542 3604 ττεΙΙε
557 3551 650 3606 scuole
664 3549 732 3606 cliro
744 3551 827 3606 dicesi
837 3549 1012 3625 ccnloersale,
1022 3549 1090 3607 altro
1100 3551 1266 3622 esseuztulc,
1277 3547 1347 3606 ultro
1358 3541 1508 3617 inieprule.

309 3621 407 3688 Quindi
422 3627 461 3680 sei
475 3626 591 3682 muniere
605 3626 631 3682 hi
645 3626 817 3683 sineddoohe.
1175 3693 1178 3702 Ι
1404 3692 1410 3702 ,
1430 3621 1451 3705 J

347 3699 393 3754 Del
410 3706 482 3756 tuito
496 3701 673 3758 universales
687 3701 730 3759 del
741 3717 839 3775 genere
852 3716 900 3772 ρετ
910 3700 936 3757 la
947 3701 1047 3772 specie,
1058 3716 1136 3759 come
1146 3702 1268 3760 momull
1278 3715 1326 3775 per
1336 3708 1438 3755 u011¹¹¹1¹
1448 3708 1508 3749 00⁰·

348 3775 375 3905 Et
393 3775 462 3832 della
476 3777 566 3849 specie
578 3778 622 3851 ρεΙ
636 3793 756 3850 genere,
782 3792 860 3834 como
873 3779 984 3836 Mirioo
997 3793 1046 3849 ρετ
1065 3781 1126 3851 ogni
1147 3795 1235 3846 mare,
1257 3782 1360 3836 austro
1379 3784 1427 3841 ρετ
1446 3771 1511 3843 ogni

311 3862 361 3904 ven
376 3865 401 3905 o.

350 3923 370 3980 ΙΙ
386 3932 456 4013 totto
470 3926 612 3983 essenzialo
626 3930 650 3984 si
666 3942 732 3998 ροτε
746 3942 793 3996 ρετ
808 3929 832 3984 lo
846 3928 903 3983 sola
917 3929 1004 3984 torma
1018 3942 1091 3998 ορετ
1106 3925 1130 3981 la
1140 3924 1197 3981 sola
1211 3931 1334 3998 materia,
1351 3938 1430 3981 come
1448 3945 1458 3970 o
1468 3921 1510 3977 Ti·

307 4019 347 4058 mo
361 4015 407 4071 qus
421 4005 499 4074 giaco
515 4027 539 4058 υ.
1126 4030 1128 4035 «

346 4079 367 4132 Ε
382 4078 407 4132 la
419 4089 494 4149 ρεττε
509 4078 620 4135 formale
634 4094 650 4132 o
663 4080 798 4136 materiale
813 4079 856 4151 ρεΙ
872 4086 941 4137 tutto
955 4078 1112 4148 essenziale,
1126 4093 1204 4138 come
1221 4101 1232 4129 o
1248 4082 1337 4137 anima
1349 4079 1402 4132 mia
1419 4096 1443 4127 o.
1459 4076 1512 4143 Αρ-

307 4153 431 4224 pastione
446 4171 500 4226 qua
510 4153 527 4210 Ρ
538 4159 659 4227 arpeuto
670 4156 711 4225 ρεΙ
727 4156 837 4226 doncro,
853 4157 869 4212 il
876 4154 962 4227 ferro
977 4171 1026 4227 ρετ
1040 4154 1065 4210 le
1076 4156 1154 4210 armi.

346 4228 366 4283 ΙΙ
381 4234 449 4286 mtto
462 4233 592 4304 integrale
606 4232 628 4285 si
643 4232 744 4300 prende
757 4248 806 4305 ρετ
819 4235 844 4288 lu
858 4241 946 4303 parte,
963 4231 1126 4287 comedisse
1146 4229 1276 4288 Cicerone
1300 4254 1310 4282 ε
1325 4232 1383 4291 sedi
1404 4236 1476 4290 tutto
1494 4227 1511 4283 il

311 4303 411 4360 mondo
424 4307 518 4363 ardere
531 4322 580 4379 ρετ
593 4308 618 4364 ia
631 4322 732 4377 guerro
744 4330 754 4356 τ
772 4306 830 4364 cioh
843 4307 977 4379 l'impcrio
992 4320 1112 4362 romano.

346 4381 367 4434 E
383 4379 407 4435 la
421 4390 499 4453 ρεττε
511 4382 641 4458 integrale
655 4383 698 4452 ρεΙ
714 4390 792 4454 tutio,
805 4400 882 4440 come
892 4399 993 4460 poppa
1006 4398 1054 4454 ρετ
1065 4397 1143 4452 nave,
1155 4384 1223 4436 letto
1235 4395 1283 4452 ρετ
1293 4377 1368 4455 c’asa,
1379 4396 1453 4454 copo
1464 4394 1512 4450 ρετ

308 4470 400 4510 nomo.

349 4534 425 4587 Solio
439 4540 534 4604 questa
548 4532 716 4591 Sineddochc
732 4535 804 4589 vieno
819 4534 835 4589 il
851 4552 963 4592 τττττττετε
977 4533 1110 4607 singolasc
1126 4548 1174 4604 ρετ
1194 4530 1211 4586 il
1227 4529 1349 4601 ρΙιττεΙε,
1372 4548 1451 4591 como
1469 4555 1479 4577 ιι
1494 4531 1511 4585 ΙΙ

308 4620 421 4663 romano
436 4610 567 4668 vincitorc
585 4632 609 4662 s.

346 4685 390 4738 lici
407 4686 511 4754 ρΙτττεΙε
525 4689 565 4755 ρεΙ
580 4685 722 4758 singulare,
743 4700 819 4740 come
831 4688 923 4760 ilmim
939 4694 963 4745 in
978 4687 1064 4754 prima
1078 4701 1191 4756 persono
1205 4702 1219 4740 a
1232 4684 1326 4739 esaion
1342 4684 1367 4739 cli
1382 4685 1512 4740 nscsslcsliu

309 4757 406 4814 ‹ticum›
421 4764 476 4818 suoi
492 4778 538 4832 [rer
552 4767 589 4817 to,

381 4867 455 4932 x'iem
471 4875 653 4927 Instituzions'
667 4877 789 4927 (ircsoric
1348 4873 1376 4917 Η
