3942 5592
1497 611 1516 668 b

341 718 401 777 tan
413 715 659 790 octogensimum,
675 719 703 775 ot
714 714 925 793 paginularum
938 718 1061 779 arbitra.
1084 720 1182 800 lpiiar
1195 725 1318 783 mauric
1331 719 1495 784 rhetoricae
1509 725 1551 781 est

341 807 543 870 qrmawnqac
556 811 604 856 res
617 795 672 854 snb
682 797 922 874 disceptationem
935 799 1028 876 cadit,
1044 815 1085 860 nn
1099 805 1139 860 sit
1151 803 1280 881 wardo.
1364 845 1367 851 =

383 873 454 934 lion
465 878 510 933 est
523 879 633 945 somn,
648 880 681 936 ui
695 876 732 938 ae
744 876 827 936 rebscs
840 894 1051 955 quoque‚quae
1062 879 1127 940 sola
1141 883 1386 959 emimplatione
1399 881 1552 943 contentae

330 957 423 1030 otri,
437 957 536 1013 orator
549 955 647 1015 dicere
659 973 718 1016 non
727 955 835 1033 possii3
850 973 918 1016 cum
931 975 1021 1035 saepe
1031 964 1120 1020 etiam
1133 961 1247 1023 cabaa·
1261 968 1295 1023 ut
1309 981 1350 1025 an
1361 964 1445 1025 ultra
1462 960 1550 1021 Oeca-

326 1049 414 1116 -rsum
427 1033 509 1094 oliae
522 1038 615 1098 assati
628 1040 724 1097 terrae
740 1035 968 1113 Ciriscoptorus
988 1040 1143 1104 columba
1155 1041 1229 1101 oiim
1241 1042 1397 1105 dubitauit.
1416 1042 1476 1105 Sed
1494 1038 1551 1099 boo

339 1118 549 1190 quaestionum
560 1131 652 1193 penus
665 1120 892 1194 nonpraccipue
912 1118 951 1182 ab
971 1125 1087 1180 oratore
1106 1125 1272 1202 tractatur,
1288 1128 1321 1184 ut
1342 1121 1438 1184 solam
1451 1134 1551 1179 rerum

337 1197 493 1255 scientiam
506 1199 652 1273 acquirat,
673 1204 759 1276 eique
771 1199 953 1274 acquiescats
962 1201 1017 1260 sert
1028 1205 1173 1262 tractatur
1184 1207 1356 1282 eatenus,ut
1370 1203 1446 1281 quid
1453 1216 1550 1277 porro

336 1275 537 1354 mouendum
549 1276 696 1353 captaret.
717 1281 801 1342 linole
810 1282 1006 1354 prospectare
1025 1280 1091 1341 licet
1103 1297 1192 1359 quom
1213 1282 1444 1364 inspeluncare
1459 1280 1552 1340 uictu

327 1357 438 1494 ραεᾳῖ
452 1358 578 1421 cratoris
590 1402 599 1436 ‚
613 1362 669 1435 qui
682 1361 720 1421 do
732 1374 915 1439 quaerasque
928 1363 1045 1431 omno
1058 1378 1091 1420 re
1113 1364 1237 1442 anau,
1264 1371 1437 1443 copioseque
1451 1361 1551 1421 onoc

332 1451 421 1512 pom
437 1475 447 1496 e
774 1468 775 1472 ’

329 1544 334 1553 ·
379 1512 514 1578 Maesia
526 1520 634 1597 autem,
648 1519 695 1581 oei
706 1524 875 1584 univocum
885 1525 1087 1595 aspamam
1099 1527 1155 1599 est,
1166 1522 1216 1583 oei
1225 1527 1360 1601 quaestio
1368 1526 1546 1602 ponebaris

335 1599 507 1657 smioersum
520 1602 563 1660 est
575 1603 790 1678 argumetum,
804 1605 838 1661 ut
851 1599 887 1659 cie
899 1605 1017 1675 virtute,
1036 1600 1073 1662 de
1083 1602 1249 1682 republica,
1265 1604 1303 1665 de
1313 1603 1440 1681 teqibsss5
1454 1612 1544 1687 omne

330 1671 412 1735 *baec
423 1684 519 1755 moqis
527 1677 770 1759 pbilosapborum
782 1684 825 1741 cst
833 1698 968 1758 proprio.
988 1681 1128 1756 Quaestio
1147 1683 1312 1761 pecoliaris
1331 1688 1396 1762 est,
1418 1702 1493 1761 quae
1509 1689 1549 1750 ae

326 1754 446 1831 utiquo
458 1775 491 1819 re
497 1759 650 1836 pecsstiari
662 1764 850 1838 instituitur,
864 1778 956 1837 eaque
968 1761 1221 1841 satiatricem,
1235 1765 1282 1826 oet
1300 1765 1401 1840 pirula.
1417 1766 1547 1842 intrita

338 1840 474 1912 quaestio
488 1843 541 1915 est,
556 1855 618 1914 qna
631 1842 708 1920 quiri
717 1859 756 1904 ec
769 1857 873 1918 penem
886 1845 1023 1905 noiomo
1037 1848 1202 1920 quamtum
1216 1849 1250 1904 ut
1263 1861 1304 1906 ars
1314 1861 1382 1923 pac
1395 1849 1435 1907 sit
1445 1852 1547 1924 peters-

339 1914 416 1976 tibus
429 1915 558 1980 bostibm
572 1921 685 1983 danda.
702 1922 803 1984 Finita
814 1937 882 1982 cero
892 1926 1026 1999 posito
1039 1928 1092 1998 est,
1103 1940 1181 1999 qsucc
1192 1924 1335 2000 mutarn
1345 1931 1545 2000 quaestionem

334 1998 486 2074 restnnpit
495 2000 538 2060 ast
550 2004 796 2078 circumstantius,
812 2005 846 2060 ui
859 2017 900 2060 cn
912 2018 979 2078 poa
993 2004 1096 2065 conoe
1108 2007 1148 2064 sit
1157 2003 1329 2080 pertulisti
1339 2003 1542 2086 foedifraqis.

339 2076 443 2137 Finita
456 2084 590 2156 quaestio
605 2087 732 2143 materia
742 2085 784 2144 est
794 2085 920 2140 arctous
933 2088 1062 2143 maxime
1069 2088 1212 2160 propria·
1225 2101 1319 2162 neque
1332 2091 1410 2146 ero’m
1420 2093 1545 2166 suscipit

334 2164 435 2217 oraim·
448 2161 582 2235 agendas
593 2179 711 2239 causas,
726 2166 786 2225 nisi
798 2179 873 2244 qurss
887 2162 931 2223 aci
945 2179 1024 2238 eum,
1039 2167 1067 2222 et
1077 2179 1187 2241 renem,
1198 2169 1226 2224 et
1238 2181 1354 2225 reorum
1365 2167 1482 2226 utilitas
1494 2166 1545 2245 as·

334 2234 429 2311 suot.
458 2241 561 2300 Verum
574 2242 760 2323 explicandi,
771 2241 942 2320 probandi,
958 2244 1145 2320 armatque
1159 2262 1251 2305 causa
1265 2250 1365 2305 orator
1376 2246 1499 2309 abinde
1507 2248 1546 2323 fi-

334 2320 427 2379 nitam
439 2324 639 2398 quaesitorum
652 2325 880 2383 csrmmstmtirs
895 2325 992 2400 enuit,
1007 2328 1035 2383 et
1049 2324 1086 2383 sib
1096 2329 1232 2401 angustis
1245 2325 1413 2386 earumdem
1428 2329 1544 2389 cancel·

335 2396 374 2457 iis
386 2403 420 2460 in
433 2402 647 2479 amplissimum
659 2419 796 2481 penarum
808 2407 941 2477 ipsorum
951 2419 1087 2481 campum
1097 2403 1206 2479 eunuc,
1216 2411 1244 2466 et
1254 2410 1370 2466 reuocat
1382 2406 1541 2482 irfinitam.

334 2475 373 2538 Et
383 2496 455 2541 sane
463 2499 499 2543 ea
509 2487 551 2544 est
560 2489 638 2544 ratic
649 2485 778 2557 dicentii,
792 2498 853 2560 qua
866 2487 972 2558 optimi
985 2487 1117 2544 aratores
1132 2489 1269 2545 utuntur.-
1283 2503 1353 2546 nam
1365 2492 1419 2564 qui
1430 2505 1477 2549 res
1490 2506 1542 2549 uo-

332 2563 377 2619 uit
389 2566 422 2621 irc
434 2563 618 2641 sua'quoquc
631 2570 727 2640 specie
739 2607 748 2640 ,
762 2569 823 2623 tam
837 2563 938 2642 dcffat
950 2562 988 2624 ab
1001 2581 1053 2638 eo,
1068 2569 1121 2640 qui
1132 2570 1299 2626 eracemum
1310 2582 1404 2644 peusis
1413 2584 1542 2646 prospe·

333 2650 395 2719 scit,
410 2660 500 2719 quam
513 2649 567 2721 qui
587 2645 710 2706 lucerna
723 2649 824 2721 noctu,
839 2643 876 2703 ab
890 2661 934 2718 eo,
948 2649 1004 2722 qui
1014 2643 1160 2721 r‘nterdiu,
1174 2649 1201 2706 et
1214 2651 1246 2707 in
1259 2646 1320 2707 sole
1334 2664 1381 2707 res
1395 2648 1490 2709 videt.
1503 2650 1542 2711 Et

332 2730 387 2802 qai
398 2725 531 2786 breuibus
539 2725 641 2802 piratae
651 2728 831 2803 pacatioris
845 2729 968 2786 terrrino
981 2729 1160 2802 sustinetur,
1174 2728 1331 2804 stuprasti
1351 2727 1465 2804 aquata
1481 2733 1543 2789 cir·

261 3016 273 3041 .
340 2975 394 3036 trui
407 2973 525 3030 volanti.
538 2974 576 3028 La
588 2970 722 3031 volontas
736 2973 837 3029 arbitra
850 2972 878 3029 (11
889 2972 933 3027 cib
946 2971 997 3028 cha
1011 2971 1059 3027 dee
1073 2970 1138 3025 iarsi
1152 2984 1168 3024 a
1182 2967 1306 3042 luggirsi.
1321 2969 1463 3043 Duaquee
1477 2984 1536 3025 ma·

340 3052 406 3112 teria
419 3048 445 3106 di
459 3050 588 3106 rettorica
601 3049 759 3121 quoiusque
773 3063 839 3105 cosa
852 3051 873 3104 si
888 3047 997 3117 disputa
1010 3060 1039 3100 se
1053 3046 1131 3101 abbia
1145 3061 1161 3099 a
1174 3045 1245 3100 lassi.

374 3129 434 3185 Non
448 3123 499 3182 che
511 3126 577 3196 perb
591 3125 618 3181 (11
632 3141 698 3182 cose
712 3125 738 3181 di
751 3139 819 3195 pura
833 3122 1068 3194 contemplacione
1081 3136 1136 3176 aon
1149 3135 1231 3190 passa
1244 3119 1370 3192 rugianos
1388 3119 1537 3194 l’Oratare,

338 3207 391 3265 aha
404 3217 499 3273 spessa
513 3201 570 3257 anzi
585 3201 671 3272 deve3
687 3216 767 3258 come
787 3199 936 3256 Cristaiora
955 3197 1085 3254 Columba
1099 3197 1144 3268 gib
1156 3195 1249 3252 dubitb
1263 3195 1413 3252 ediscorse
1426 3214 1456 3254 se
1470 3198 1540 3255 altre

334 3282 353 3339 l'
363 3283 470 3339 Oceano
482 3276 551 3333 altre
566 3285 637 3333 terre
657 3279 682 3332 ri
696 3291 833 3332 avessera.
855 3277 896 3332 lta
907 3280 1004 3348 questa
1024 3287 1123 3346 genere
1137 3271 1163 3327 (11
1185 3271 1313 3343 quintiani
1331 3287 1385 3326 noa
1399 3273 1457 3329 vien
1471 3281 1539 3331 trat-

333 3365 390 3416 tata
405 3351 589 3410 dali’Oratore
603 3368 652 3424 per
666 3352 805 3425 acquistar
816 3350 842 3407 la
853 3351 909 3407 sola
920 3352 1027 3408 seienza
1040 3347 1109 3406 delle
1120 3362 1185 3404 ease
1198 3362 1213 3403 e
1226 3350 1254 3403 in
1266 3363 1328 3403 essa
1340 3349 1481 3420 riposarsi3
1493 3366 1538 3407 ma

335 3436 395 3491 vien
411 3434 534 3500 transeo,
549 3445 599 3500 per
611 3429 748 3499 esplorare
763 3427 878 3499 innitre,
900 3426 950 3483 ohe
964 3425 1051 3483 dobba
1062 3423 1135 3479 iassi.
1151 3422 1226 3481 Onde
1246 3425 1269 3479 si
1282 3422 1351 3479 vade
1365 3432 1465 3496 quanta
1479 3441 1538 3482 am·

332 3511 466 3583 piamento
481 3507 503 3561 si
518 3505 611 3561 utenda
626 3504 653 3561 la
666 3505 784 3578 signaris
794 3503 856 3562 dell’
867 3505 990 3571 Oratore,
1002 3502 1020 3557 ii
1035 3500 1115 3573 quale
1125 3498 1151 3556 (11
1163 3506 1233 3556 tutte
1243 3499 1333 3555 aliatta
1343 3498 1368 3554 le
1379 3505 1445 3556 cose
1455 3516 1537 3571 passa

333 3587 518 3644 amatamente
532 3595 547 3636 e
561 3580 764 3651 copiosamente
778 3579 896 3650 pariare.
911 3580 949 3634 ira
962 3578 1075 3634 materia
1088 3576 1133 3647 poi
1144 3591 1160 3630 o
1173 3574 1188 3631 b
1202 3592 1239 3632 un
1252 3583 1410 3648 argomento
1424 3591 1538 3648 genera·

331 3662 371 3733 10,
385 3679 402 3719 ο
417 3673 471 3719 una
481 3655 615 3728 quistione
626 3655 797 3727 particulare.
811 3659 977 3728 argomento
989 3650 1116 3725 generale
1130 3652 1251 3721 sarebbe‚
1261 3649 1344 3707 aecio
1355 3653 1446 3723 virtu,
1457 3649 1539 3710 mila

330 3730 514 3813 mpubbtica,
529 3729 602 3789 delle
616 3730 727 3805 ieqqi3e
741 3731 814 3787 catal
826 3728 964 3787 materiae
979 3728 1026 3801 pia
1040 3727 1148 3800 propria
1158 3727 1200 3783 sle’
1211 3727 1317 3784 filosofi.
1329 3727 1467 3793 Quietiora
1475 3743 1537 3798 par·

334 3805 475 3872 tiooiaree
489 3807 590 3879 quella,
605 3808 855 3865 ches‘iastituisce
876 3821 956 3876 sopra
970 3820 1036 3861 oasa
1055 3802 1237 3875 particulare:
1260 3820 1275 3860 e
1295 3802 1362 3859 nitra
1381 3801 1396 3858 ὲ
1415 3802 1539 3873 infinita

335 3890 408 3947 essia
421 3885 640 3953 indeterminata,
656 3883 725 3939 altra
731 3882 855 3956 finitae
869 3882 1057 3939 determinata.
1068 3878 1143 3936 Nella
1152 3879 1252 3934 infinita
1265 3878 1286 3933 si
1300 3893 1410 3933 aercae
1423 3877 1536 3949 disputa

333 3965 360 4025 (11
371 3980 427 4022 una
441 3961 630 4036 proposizione
644 3957 772 4032 generale
786 3978 794 4030 3
809 3973 889 4014 come
902 3973 932 4013 se
944 3956 1039 4014 bebba
1051 3955 1137 4012 dorsi
1150 3953 1185 4010 ta
1195 3970 1271 4029 pace
1284 3958 1316 4011 ai
1328 3954 1438 4009 numici
1452 3951 1539 4011 addi·

329 4038 498 4099 maudonti.
521 4039 559 4094 La
578 4036 652 4094 finita
673 4035 807 4108 quistione
828 4034 954 4106 ristringe
975 4032 1002 4088 la
1020 4031 1122 4088 infinita
1145 4030 1198 4086 alla
1218 4030 1407 4097 circostanao3
1432 4043 1532 4098 come,

329 4133 360 4175 se
371 4115 466 4174 debba
478 4109 564 4171 dorsi
578 4110 612 4168 ia
624 4126 699 4184 pace
725 4113 757 4169 ai
768 4108 878 4184 perfidi
902 4125 918 4165 e
944 4106 972 4165 α’
983 4106 1124 4164 violatori
1139 4105 1185 4166 (ἔθ’
1201 4104 1326 4181 potiit]
1349 4103 1376 4160 la
1398 4104 1536 4175 quistione

329 4189 657 4249 finitabmassimamente
667 4186 780 4259 propria
792 4184 855 4242 delli
867 4187 993 4248 Oratore,
1018 4182 1117 4254 poiche
1139 4197 1193 4238 non
1216 4179 1318 4253 prende
1340 4179 1393 4252 egli
1407 4195 1423 4236 a
1437 4187 1534 4236 trattar

309 4284 433 4334 .·cause‚
462 4281 490 4321 se
514 4281 567 4321 noa
592 4262 672 4336 gliele
696 4268 846 4319 commette
870 4259 990 4316 l’utilitb
1026 4258 1097 4316 delle
1123 4272 1221 4314 eosee
1243 4255 1343 4312 de'rei.
1359 4255 1534 4312 11110111(-

324 4343 395 4402 redi
418 4340 526 4414 quando
554 4340 580 4396 in
605 4336 735 4410 quando,
760 4352 809 4408 per
829 4334 926 4408 meglio
950 4336 1098 4407 spiegare,
1123 4351 1138 4390 e
1161 4346 1286 4404 pravare,
1302 4346 1317 4387 e
1331 4347 1439 4401 ornare,
1466 4346 1531 4402 spa·

326 4421 381 4494 giia
404 4418 432 4475 la
453 4416 570 4490 quistion
596 4414 698 4471 difinita
723 4413 792 4469 dalla
814 4413 1005 4479 ciceastriam,
1028 4424 1044 4465 e
1069 4408 1141 4480 dagli
1161 4408 1269 4480 angusti
1291 4406 1366 4463 limiti
1390 4407 1529 4477 diquaste
1627 4420 1631 4427 ·

330 4492 471 4559 useendo,
492 4492 624 4548 richiama
636 4489 662 4546 ia
683 4490 818 4562 quistione
836 4485 977 4544 indefinita
990 4501 1005 4542 e
1019 4485 1131 4541 mettela
1144 4499 1194 4554 per
1207 4483 1234 4539 la
1253 4483 1419 4554 amplissima
1433 4496 1531 4553 campo

330 4572 401 4628 delle
414 4566 577 4641 generabit.
593 4569 615 4623 E
628 4567 656 4621 in
670 4563 728 4621 iatti
741 4569 839 4637 questa
852 4561 867 4619 b
880 4561 906 4618 la
919 4560 1039 4618 maniera
1053 4560 1168 4628 aldire,
1182 4559 1207 4616 (11
1226 4560 1278 4617 ebs
1290 4574 1376 4614 usano
1389 4557 1429 4629 gli
1443 4559 1530 4615 ottimi

328 4646 450 4717 Oratori3
466 4640 562 4716 poiche
577 4642 622 4698 ehi
637 4656 757 4698 conasse
771 4640 796 4697 le
809 4654 887 4708 case,
903 4638 1032 4703 ciascuna
1044 4634 1114 4693 nella
1128 4651 1178 4692 sua
1192 4635 1294 4707 specie,
1311 4638 1386 4690 tanto
1399 4632 1531 4692 diiieriscc

328 4721 363 4779 ia
377 4721 421 4779 chi
435 4717 576 4794 agguarda
590 4716 609 4774 11
624 4732 722 4790 genere
735 4715 842 4783 tutiora,
853 4720 954 4787 quanio
968 4711 1042 4769 eoissi
1052 4713 1103 4770 che
1113 4712 1180 4769 rede
1190 4712 1225 4784 gii
1235 4709 1336 4784 oggetti
1349 4709 1375 4765 (11
1389 4715 1463 4765 nette
1477 4709 1530 4768 alla

324 4798 452 4866 lucerna,
467 4796 501 4852 da
514 4794 583 4852 altro
596 4793 649 4850 ohe
662 4792 750 4850 rodeli
765 4791 791 4848 di
802 4792 902 4864 giorno
916 4789 942 4846 al
958 4789 1030 4847 Sole.
1047 4789 1069 4845 Ii
1086 4788 1149 4862 quai
1164 4788 1187 4844 si
1202 4788 1272 4845 tiene
1290 4784 1395 4842 abrevi
1409 4784 1486 4843 limiti
1500 4786 1527 4842 di

325 4875 447 4948 quistion
460 4869 561 4932 difinita
576 4910 583 4944 ‚
598 4870 622 4928 ci
636 4869 658 4928 si
671 4884 748 4931 sarm
760 4873 838 4929 cauo
851 4865 960 4944 pineolo
974 4872 1089 4939 staga03
1111 4865 1175 4940 quai
1190 4863 1234 4936 psi
1246 4861 1388 4936 imprends
1401 4876 1417 4918 a
1430 4867 1527 4921 trattar
1555 4919 1562 4934 ,
