3942 5592
1507 509 1541 566 lu
1654 536 1656 538 ·

377 630 435 696 que
449 621 522 680 artis
538 622 581 680 cst
593 617 761 681 adrasorii
776 618 968 700 eloquentiam
978 623 1081 698 potrus
1093 624 1254 699 conqueri,
1278 624 1309 681 ut
1322 635 1399 697 quae
1411 619 1495 680 aliem
1507 637 1586 697 ,non

376 702 440 757 tarn
454 715 495 758 ea
508 714 540 756 νο
554 703 639 767 nata,
655 716 747 776 quoru
760 718 801 764 ea
817 706 913 778 ipsius
927 707 991 762 orte
1005 700 1129 777 conficta
1141 719 1204 761 esse
1221 701 1389 761 videantur.
1413 700 1512 775 Quare
1531 703 1585 761 aci-

375 783 543 840 uersariurn
558 784 655 857 mapis
669 785 849 857 exquisitae,
864 786 891 841 et
905 781 1085 858 elaboratae,
1101 798 1190 860 qnam
1203 783 1381 858 inconditae,
1392 786 1420 842 et
1430 784 1583 841 attentatae
1616 815 1619 830 ·

374 859 710 939 arationisreprelrencli
721 860 900 923 desiderent.
1282 899 1288 922 ι

841 1040 884 1087 Dr:
898 1037 1132 1090 renouauiuuss.

422 1181 542 1244 Claudii
554 1184 671 1245 tandem
679 1193 840 1248 orationem
848 1192 1092 1266 peroratio,quua
1103 1193 1144 1249 est
1155 1193 1244 1249 totius
1254 1190 1397 1248 matianis
1403 1184 1580 1261 conplexio,

376 1278 503 1340 cumque
517 1267 615 1323 oratio
630 1269 690 1326 tata
705 1271 738 1327 in
751 1274 945 1345 arpumoutis,
956 1273 984 1329 et
998 1268 1148 1348 affectibus
1156 1274 1257 1346 posita
1270 1272 1318 1342 sil,
1331 1265 1398 1328 linc
1408 1266 1453 1342 fit,
1470 1270 1503 1325 ut
1517 1272 1579 1341 rpi-

377 1342 443 1420 loqi
463 1344 540 1481 aquae
559 1347 618 1403 sint
637 1348 739 1408 itidem
757 1355 879 1428 partes,
901 1355 1082 1410 enumeratio
1099 1355 1356 1428 arquraentorum,
1379 1354 1407 1407 et
1426 1346 1580 1426 olfactuum

375 1439 539 1484 cammaro.
1594 1423 1602 1448 '

419 1501 476 1561 Per·
492 1510 750 1596 enumerationem,
767 1515 962 1586 arpumentu,
977 1525 1053 1587 quoe
1066 1509 1204 1586 ampliter
1213 1527 1270 1587 per
1284 1515 1372 1572 totam
1383 1505 1578 1582 corianam·

379 1597 447 1642 nem
461 1585 690 1664 explicavimus,
703 1593 831 1650 strictim
845 1591 1012 1665 ralliqimus
1022 1632 1030 1665 ,
1042 1608 1101 1650 uon
1113 1595 1210 1650 tamen
1224 1597 1322 1650 mama
1334 1633 1343 1666 ,
1357 1589 1410 1650 sert
1422 1593 1456 1646 in
1470 1587 1578 1664 quibas

374 1665 564 1738 potissimum
579 1684 669 1728 rausa
686 1675 820 1730 consistit
832 1716 842 1751 ‚
855 1690 892 1732 ne
904 1687 982 1730 nova
996 1676 1152 1746 rmaurpat
1166 1677 1261 1732 aratia
1274 1716 1282 1748 ‚
1295 1688 1389 1749 neque
1403 1668 1504 1727 eodem
1516 1685 1579 1726 uer·

380 1741 496 1817 mmm,
510 1751 560 1803 aut
573 1751 785 1809 catantiarum
794 1749 909 1832 fiana,
922 1767 991 1810 num
1001 1752 1036 1811 iel
1045 1756 1118 1813 esset
1127 1751 1215 1828 pleni
1227 1750 1345 1814 raian
1357 1795 1367 1824 ,
1388 1750 1442 1812 sed
1455 1751 1576 1822 veriori,

378 1825 408 1882 at
420 1837 496 1897 quac
511 1826 648 1889 oculeum
658 1827 815 1907 relinquat.

415 1900 698 1967 luculentissimum
708 1916 934 1973 enumerationis
944 1912 1255 1989 inemptampraeuet
1266 1917 1299 1971 in
1309 1910 1488 1972 mantuano.
1500 1907 1579 1982 (laa-

375 1997 409 2040 νο
422 1999 489 2043 cum
506 1988 533 2042 et
547 1983 656 2046 bellum
668 1993 711 2047 ita
725 1996 921 2053 necessariam
934 1997 985 2071 sit,
999 1998 1030 2053 ut
1042 1991 1154 2070 neqliqi
1167 2010 1226 2054 nou
1235 1998 1352 2071 passit3
1368 1997 1413 2051 ita
1425 1994 1576 2068 muqnum',

374 2065 410 2120 ut
422 2068 646 2158 accuratissime
660 2072 698 2128 sit
710 2068 999 2134 administrandam.-
1023 2076 1050 2134 et
1070 2088 1135 2131 curn
1154 2080 1183 2136 ai
1201 2077 1405 2152 imperatorem
1413 2069 1577 2148 praeficere

369 2147 508 2221 possitis,
522 2148 557 2204 in
569 2165 628 2224 quo
642 2152 682 2207 sit
695 2154 808 2210 eximia
818 2153 890 2214 belli
900 2157 1036 2230 scientie,
1050 2154 1334 2232 sinqulariroirtus,
1344 2154 1511 2214 clarissima
1522 2167 1578 2210 au-

376 2226 515 2299 ctoritas,
532 2232 651 2306 epreqia
663 2226 810 2303 fortuna.-
831 2233 1027 2309 dubitabitis,
1048 2237 1172 2309 quirites
1186 2278 1193 2311 ‚
1216 2239 1289 2310 quin
1302 2231 1356 2293 nae
1370 2234 1483 2292 tanturn
1496 2229 1576 2304 boni,

375 2302 459 2379 quod
472 2321 493 2362 a
504 2305 566 2365 iliis
580 2310 793 2374 immoriolibus
803 2312 954 2390 oblatam,
970 2318 998 2375 et
1011 2312 1113 2373 dmum
1124 2316 1167 2373 est
1180 2319 1214 2377 in
1226 2325 1287 2374 rem
1296 2313 1450 2392 publicam
1461 2327 1578 2373 amuor-

377 2384 521 2461 uaudam,
537 2391 626 2462 atque
639 2390 881 2471 amplificandam
895 2393 1087 2469 conseratis?

422 2463 577 2525 Couuuotio
591 2467 743 2548 afflatorum
756 2477 819 2532 erat
830 2474 925 2534 altera
933 2479 1131 2551 perorationis
1139 2492 1228 2552 pars,
1243 2477 1276 2534 in
1289 2491 1348 2551 qua
1364 2476 1464 2531 orator
1478 2487 1576 2531 omues

374 2542 459 2604 debet
472 2549 588 2622 aperire
601 2548 783 2627 eloquentiae
796 2551 915 2631 santes,
938 2560 983 2615 ita
999 2558 1031 2613 ut
1045 2558 1074 2612 si
1082 2555 1190 2616 -luuulet
1203 2597 1212 2631 ,
1232 2555 1384 2614 auditores
1407 2569 1467 2612 non
1482 2550 1577 2609 salum

373 2621 511 2703 madent,
524 2627 577 2687 sed
586 2629 784 2711 paciatur,
798 2635 991 2715 admirentur,
1004 2639 1032 2695 et
1043 2634 1176 2715 affectent
1185 2635 1334 2696 aemulari
1344 2631 1509 2693 mauman.
1524 2633 1578 2695 Sin

870 2849 1094 2864 w

375 2999 393 3041 e
406 2985 431 3040 le
444 2981 517 3040 lrasi.
534 2983 634 3042 Poiche
647 2984 662 3041 ὁ
676 2985 737 3042 dell'
746 2992 806 3042 arte
821 2985 837 3041 il
852 2985 950 3042 dolersi
964 2988 1098 3057 piuttosto
1111 2985 1184 3042 della
1197 2992 1295 3057 trappa
1307 2984 1454 3056 eloquenza
1464 2984 1579 3041 dell'av·

376 3061 509 3131 venario,
529 3063 606 3118 accii)
619 3061 669 3117 ohe
682 3068 782 3133 qilaalo
795 3061 848 3133 egli
863 3060 936 3132 dice,
952 3063 1052 3117 sambri
1066 3061 1100 3118 da
1113 3062 1151 3117 lui
1163 3062 1227 3116 linio
1241 3075 1292 3116 con
1308 3062 1379 3116 sottil
1393 3061 1516 3127 amiticia,
1529 3076 1582 3115 uon

375 3134 449 3193 dalla
461 3151 528 3194 uasa
541 3145 627 3193 messa
641 3138 887 3209 natoesuggeruo.
900 3139 932 3193 ui
946 3138 1108 3208 plaeerebbe
1121 3138 1246 3208 adunque
1254 3136 1340 3193 chesi
1348 3134 1498 3207 ripigliassc
1512 3133 1579 3190 l'au·

379 3213 502 3270 versario
516 3213 542 3271 di
559 3221 655 3286 troppo
667 3213 806 3285 aquisitae
820 3211 978 3286 aavagliata
991 3216 1126 3285 oracione,
1138 3214 1188 3269 che
1201 3213 1227 3269 ui
1241 3227 1318 3268 roma
1330 3227 1345 3268 e
1358 3210 1511 3269 disadorna.

833 3379 917 3421 DBLM
931 3379 1119 3421 PBROMZIONR.

414 3517 541 3578 Chludesi
556 3516 708 3574 finalmente
722 3516 740 3573 il
754 3515 879 3572 discorso
894 3515 966 3573 colla
980 3517 1182 3588 prerorazione,
1197 3516 1249 3572 che
1261 3513 1313 3571 uli
1328 3515 1345 3570 u
1365 3513 1533 3584 compendio.
1555 3515 1577 3568 E

376 3608 454 3651 come
471 3595 487 3651 l’
499 3596 622 3654 oruzione
636 3600 707 3649 tutta
720 3591 735 3647 ο
748 3594 864 3666 gremiis
876 3592 902 3648 di
916 3593 1067 3664 argumenti
1080 3608 1095 3648 e
1107 3592 1132 3648 di
1145 3592 1239 3662 allatii,
1255 3591 1311 3647 cosl
1325 3590 1456 3662 l’opilago
1471 3589 1578 3645 caurie-

374 3682 410 3726 ne
423 3671 501 3729 abbia
512 3672 566 3728 due
580 3672 660 3742 parti,
676 3668 702 3725 la
714 3669 919 3724 enumeruziaue
933 3667 1004 3740 degli
1018 3670 1167 3739 argumenti
1181 3707 1188 3738 ,
1203 3684 1219 3724 e
1233 3667 1259 3723 la
1269 3666 1375 3723 maaian
1389 3665 1460 3737 degli
1481 3665 1574 3721 allatii.

414 3746 489 3803 Colla
502 3746 719 3815 enumeraaione,
731 3744 768 3816 gli
783 3746 937 3816 argumenti
952 3743 1004 3800 che
1015 3744 1085 3800 nella
1095 3744 1310 3800 coalermazioue
1320 3742 1496 3815 ampianiente
1507 3743 1578 3812 spie-

378 3835 506 3893 gamma,
522 3820 706 3894 ruocagliamo
720 3821 745 3874 in
759 3820 857 3892 breve,
871 3835 926 3875 nou
938 3821 1019 3891 tutti,
1034 3819 1078 3876 mu
1091 3820 1182 3893 quegli
1194 3821 1223 3876 ia
1242 3818 1293 3876 che
1313 3818 1338 3874 la
1356 3832 1441 3875 eausa
1460 3819 1580 3873 consiste

375 3897 603 3971 priaclpulmeuto
617 3893 763 3953 acciocche
778 3913 829 3953 nou
842 3896 974 3952 iacoiamo
995 3912 1048 3950 uua
1068 3898 1172 3952 nocella
1192 3898 1333 3965 amulone,
1348 3893 1382 3950 ne
1402 3894 1419 3948 li
1440 3893 1578 3965 porgiama

377 3971 449 4030 colle
462 3975 561 4030 istesso
575 3973 661 4030 forme
673 3971 699 4027 di
712 3972 806 4041 parole
819 3986 834 4027 e
847 3971 873 4027 di
886 3971 1004 4027 senectti
1019 3971 1078 4042 (che
1093 3973 1202 4028 sambae
1213 3973 1247 4030 da
1258 3969 1448 4041 ciarloael,ma
1457 3971 1484 4023 in
1497 3967 1579 4024 maula

379 4046 427 4119 piri
441 4064 507 4106 vero
520 4065 535 4105 e
550 4050 726 4120 penetrativa,
741 4046 835 4105 alachi
849 4048 914 4103 lasci
928 4047 1026 4104 deutra
1041 4047 1057 4103 l’
1067 4048 1174 4103 aculeo.
1407 4096 1409 4110 ,

414 4123 541 4197 Esemplo
552 4123 767 4180 luculentissimo
778 4139 811 4180 ae
823 4122 857 4179 da
867 4123 893 4178 la
903 4124 1012 4179 ararim]
1020 4123 1168 4179 Maniliana.
1179 4145 1190 4174 ι
1201 4121 1320 4178 Essendo
1330 4120 1454 4192 adunque
1464 4118 1489 4174 la
1498 4133 1580 4191 guar-

376 4212 409 4255 ra
423 4201 480 4255 uusl
492 4200 657 4267 necessaria,
670 4198 723 4254 ohe
736 4215 788 4254 nan
802 4201 857 4271 pua
870 4198 1024 4271 negligersl,
1039 4200 1096 4255 cosi
1109 4200 1222 4270 grande,
1239 4197 1442 4268 cheabliisogua
1455 4197 1481 4253 di
1494 4210 1579 4251 acau-

375 4277 511 4332 ralissima
523 4275 682 4347 provideam
692 4288 706 4330 e
716 4276 970 4345 amministracione,
982 4291 996 4330 e
1012 4275 1153 4345 putendum
1166 4276 1200 4333 ad
1213 4289 1275 4331 essa
1287 4273 1351 4329 dare
1366 4289 1402 4328 ua
1412 4271 1578 4330 condoluere

376 4349 632 4409 manumissorum
646 4348 771 4417 milliare,
783 4350 809 4407 ui
823 4350 942 4423 singular
957 4350 1039 4418 virtu,
1055 4350 1080 4405 di
1095 4350 1265 4407 chiarissimo
1278 4351 1416 4419 aritorita,
1432 4351 1457 4406 di
1471 4362 1577 4404 somma

375 4425 496 4498 lectuna,
511 4427 675 4496 dubitarem,
690 4428 822 4492 alloicia,
835 4441 864 4481 se
880 4442 915 4480 uu
928 4433 1000 4481 tauto
1014 4427 1089 4493 bene,
1103 4425 1212 4497 quando
1225 4426 1295 4497 dagli
1309 4426 1372 4482 ludu
1388 4424 1534 4481 immortali
1548 4425 1575 4478 ui

375 4499 392 4557 i
406 4502 501 4559 ollerto
514 4519 530 4560 e
543 4511 621 4574 posto
635 4503 661 4557 iu
675 4518 764 4573 mana,
780 4501 903 4559 dabbiate
917 4500 1077 4573 rivolgeree
1091 4519 1172 4560 usare
1181 4502 1446 4559 allacaoseruuzione
1458 4518 1473 4558 ο
1484 4497 1579 4570 ampli·

376 4576 506 4635 licaziune
520 4579 589 4636 della
602 4577 779 4651 repuliblical
795 4600 806 4628 u

416 4654 464 4712 Nol
479 4670 591 4712 muover
605 4654 641 4727 gli
656 4654 749 4723 allatii,
764 4650 832 4710 clla
845 4650 871 4707 la
887 4651 1005 4708 secunda
1018 4660 1096 4724 parre
1111 4651 1179 4711 della
1195 4655 1395 4726 pretermissa,
1407 4652 1473 4709 deve
1489 4651 1506 4707 l'
1517 4667 1579 4708 ara-

378 4737 438 4786 tore
453 4732 543 4801 aprire
554 4733 617 4787 tutti
631 4733 637 4786 i
650 4730 714 4787 lanii
726 4729 797 4787 della
809 4728 975 4800 eloquenza,
991 4729 1106 4785 affinche
1119 4772 1127 4800 ,
1142 4730 1164 4786 s'
1175 4731 1228 4804 egli
1249 4729 1328 4801 lucia,
1349 4730 1386 4800 gli
1407 4729 1504 4786 utiliori
1525 4743 1577 4783 aaa

378 4819 434 4876 pur
447 4805 550 4880 ludina,
566 4813 610 4865 ma
622 4806 644 4863 si
658 4805 786 4882 allegriao
800 4803 983 4881 gratulando,
999 4806 1141 4866 ammlriua
1154 4823 1169 4866 c
1182 4806 1299 4878 aspiriuo
1312 4804 1344 4863 ud
1359 4808 1464 4864 imitare
1480 4805 1504 4863 la
1518 4819 1579 4876 per-
