3942 5592
474 470 534 530 tat

435 575 556 640 merciis
568 576 649 661 leges
661 572 844 657 concipiant,
857 571 983 653 jamque
996 567 1122 635 aliunde
1131 568 1227 655 effusa
1240 575 1272 637 in
1291 574 1390 638 bonas
1403 572 1518 638 litteras
1538 571 1650 638 libera·

435 671 519 734 litate
532 679 561 736 et
575 671 799 748 munificentia,
820 683 884 747 qua
897 673 928 731 et
941 664 1040 748 regias
1052 664 1172 730 scholas
1184 664 1318 732 militum
1333 669 1441 734 metris
1452 668 1537 733 foede
1549 668 1652 751 pollu-

439 772 485 830 tas
509 763 602 828 nitori
623 783 660 828 ac
674 760 828 827 sanctitati
850 758 1006 835 restituit,
1026 763 1057 820 et
1070 756 1102 819 in
1117 759 1324 838 professorum
1343 759 1451 825 album
1471 763 1567 838 cumi,
1589 762 1645 842 qui

438 859 599 924 Nautieam
615 859 735 925 doceret
751 902 760 935 ,
775 855 957 938 adscripsit,
980 854 1102 936 ingenia
1115 856 1154 920 ad
1166 873 1219 920 eas
1231 856 1412 925 excolendas
1425 858 1647 940 benignissime

435 953 533 1015 fovet:
549 951 714 1034 exquibus
728 948 905 1028 olimalius
920 944 1045 1029 gentilis
1061 954 1165 1012 nister
1179 945 1354 1029 Torquatus
1374 949 1490 1018 'lassus
1512 953 1647 1034 existat,

435 1047 489 1131 qui
504 1048 713 1131 Hierosolyma
727 1066 746 1111 a
758 1045 865 1110 Carolc
878 1043 1030 1108 Borbonio
1052 1044 1221 1128 reciperata
1240 1043 1393 1112 cecinerit.
1407 1046 1444 1111 Et
1457 1047 1584 1130 quidem
1597 1050 1647 1115 his

437 1144 529 1229 regiis
543 1145 661 1227 nuptiis
674 1146 755 1210 banc
768 1143 922 1228 egregiam
932 1141 1192 1225 praecipuamque
1202 1140 1471 1227 gloriamlleapoli
1485 1163 1646 1227 perrarum

438 1238 567 1303 urbium
581 1238 678 1302 fatum
693 1237 842 1321 promittit
854 1279 864 1311 ‚
878 1251 940 1316 quo
954 1241 1026 1298 nata
1038 1241 1106 1313 est,
1122 1243 1157 1300 ut
1171 1236 1210 1300 ab
1238 1235 1371 1301 heroicis
1390 1251 1489 1318 usquc
1509 1240 1655 1320 tempori·

437 1330 499 1395 bns
512 1348 628 1414 semper
647 1331 748 1412 magis
767 1327 927 1411 magisque
947 1325 1107 1407 splendore
1120 1335 1151 1390 ct
1162 1326 1367 1408 amplitudine
1382 1336 1531 1393 cresceret
1545 1375 1554 1405 ,
1568 1347 1649 1410 quae

440 1431 469 1490 et
483 1426 563 1489 mira
582 1426 659 1490 situs
679 1424 864 1490 amoenitate
877 1465 887 1496 ,
900 1424 931 1484 et
943 1437 1069 1485 summa
1087 1419 1251 1485 clementia
1268 1419 1343 1485 caeli
1361 1427 1414 1500 ‚et
1426 1440 1504 1490 rara
1515 1423 1655 1489 ubertate

433 1520 512 1601 soli,
525 1527 556 1584 at
569 1520 690 1585 enormi
703 1518 806 1604 populi
819 1516 1004 1599 frequentia,
1018 1520 1049 1579 et
1062 1517 1180 1599 ingenti
1193 1533 1356 1600 procerum
1369 1535 1497 1584 numeru
1521 1520 1649 1585 maximi

441 1615 534 1699 Regis
548 1623 630 1680 certa
648 1616 830 1698 propriaque
843 1611 914 1679 sede
926 1611 966 1673 ab
980 1611 1147 1690 omnibus,
1162 1614 1216 1695 qui
1233 1631 1302 1678 eam
1323 1613 1428 1679 ruunt
1449 1663 1459 1697 ,
1474 1614 1655 1695 dignissima

441 1706 608 1791 judicatur.
623 1706 657 1770 ld
674 1708 775 1788 ipsum
789 1708 898 1789 ingens
912 1704 1038 1780 laetitia,
1049 1723 1112 1788 qua
1126 1704 1258 1787 populus
1271 1703 1487 1789 Neapolitanus
1497 1707 1548 1772 his
1560 1708 1654 1790 regiis

441 1798 561 1880 nuptiis
582 1799 791 1880 perfunditur,
805 1798 906 1882 palam
927 1796 1088 1883 probarit,
1108 1814 1208 1878 quum
1229 1796 1382 1862 dmaliam
1402 1797 1526 1863 turcius
1544 1796 1648 1878 cajeta

442 1891 601 1973 Neapolim
614 1891 719 1970 duxlt,
734 1911 795 1976 quo
811 1893 902 1963 veluti
918 1909 1011 1974 super
1024 1888 1121 1970 ipsius
1133 1889 1304 1973 plaudentis
1317 1888 1422 1973 populi
1441 1891 1579 1955 humeris
1592 1910 1654 1958 no-

441 2000 500 2048 rus
514 1984 646 2048 maritus
659 2003 730 2049 cnm
746 2004 825 2050 nova
838 1992 935 2069 nupta
947 1984 1062 2049 relatus
1076 1991 1121 2049 est
1133 2027 1142 2060 ,
1156 1979 1242 2063 quod
1265 1982 1329 2067 jam
1350 1988 1604 2065 persentiscerent
1616 1986 1659 2050 ci·

442 2077 684 2146 reseumliberis
697 2077 772 2143 dare
785 2097 922 2161 operam,
935 2077 989 2161 qui
1003 2076 1165 2157 indigenae
1178 2074 1314 2156 ipsorum
1328 2093 1415 2157 reges
1427 2076 1523 2142 futuri
1538 2087 1658 2145 emant.

444 2170 498 2233 llis
511 2169 584 2253 ipsis
599 2169 692 2253 igitur
705 2171 798 2253 regiis
812 2172 927 2254 nuptiis
946 2169 1058 2253 plebeii
1081 2168 1214 2235 senuunt
1229 2167 1416 2243 nationum,
1430 2187 1509 2248 quae
1524 2173 1656 2252 propriis

443 2259 636 2344 Principibus
649 2272 769 2344 parent,
784 2264 974 2341 felicitatem,
990 2280 1063 2326 nam
1079 2258 1240 2322 immensis
1254 2259 1430 2341 sumptibus
1441 2261 1475 2328 in
1488 2265 1657 2345 nuptialem

444 2361 647 2436 apparatum,
661 2355 752 2421 festas
771 2374 911 2438 pompas,
926 2353 1027 2437 ludos,
1044 2351 1221 2435 spectacula
1242 2351 1547 2433 magntucenusstme
1568 2354 1657 2419 factis

444 2450 619 2534 loctrpletati
632 2470 790 2517 annonam
805 2473 824 2516 a
840 2453 952 2517 bovum
967 2449 1073 2517 lethali
1089 2449 1150 2526 lue,
1164 2447 1424 2529 infestissimoque
1438 2445 1549 2528 hyeme
1565 2467 1654 2514 rexa-

443 2552 507 2610 tam
521 2563 583 2612 non
595 2555 758 2612 senserunt
770 2575 780 2629 ·,
794 2549 986 2613 honestiores
1001 2554 1104 2614 autem
1120 2546 1200 2611 banc
1217 2541 1316 2623 ipsam
1330 2542 1432 2610 ciuilis
1444 2552 1542 2615 status
1561 2548 1658 2616 beati-

449 2639 584 2706 tudinem
592 2641 718 2723 gratius
729 2641 903 2722 advertunt,
914 2661 985 2708 cnm
996 2643 1029 2706 in
1039 2641 1097 2707 hac
1106 2641 1184 2706 urbe
1193 2641 1434 2723 quamplurimos
1448 2643 1660 2709 maximorum

447 2752 555 2818 regum
568 2782 578 2818 ,
591 2734 837 2819 inclytorumque
850 2737 1154 2820 rerumpublicarum
1170 2732 1284 2815 lagatos
1297 2781 1306 2815 ,
1322 2731 1502 2801 innumeros
1522 2735 1654 2801 adrena-

445 2843 517 2892 rum
532 2829 688 2910 Principes
702 2830 786 2895 uiros
800 2829 1052 2914 splendidissimo
1071 2830 1240 2910 comitatu,
1256 2827 1372 2912 quibus
1392 2829 1490 2892 nostri
1511 2828 1658 2896 Proceres

446 2919 707 3002 magnificentiam
722 2940 783 2988 non
798 2922 947 3005 inrident,
957 2923 1071 2989 versari
1084 2921 1197 2996 videnu
1207 2940 1304 3004 quum
1314 2919 1434 3003 regium
1447 2918 1654 2998 Praetorium,

451 3019 650 3095 ceteramque
663 3014 751 3079 aulae
775 3014 894 3079 cultum
907 3015 940 3081 in
953 3033 1049 3098 opum
1063 3013 1298 3082 ostentationem
1320 3014 1505 3075 instructum
1529 3011 1654 3092 sident3

450 3126 549 3190 quum
562 3108 680 3191 regiam
696 3110 804 3179 ceteris
817 3112 957 3194 lluropaa
977 3109 1225 3177 loculentissimis
1245 3107 1538 3190 spledidlssimisque
1551 3127 1657 3191 parem

448 3199 608 3266 fundatam
623 3202 739 3269 rident.
754 3205 796 3268 lle
807 3205 859 3268 his
872 3213 929 3284 tot,
944 3207 1041 3270 tantis
1056 3210 1180 3287 tamque
1192 3203 1342 3286 exoptatis
1356 3202 1456 3281 bunis,
1477 3202 1591 3285 qulbus
1606 3220 1663 3284 per

448 3293 669 3377 augustissima
678 3296 774 3362 tieroli
787 3298 927 3363 borbonii
939 3299 1113 3376 Mariosque
1124 3295 1260 3366 Amaliae
1269 3294 1456 3376 Walburgae
1467 3296 1573 3378 nuptis
1584 3296 1661 3358 frut-

450 3406 537 3468 mur,
553 3395 584 3451 ct
598 3389 712 3471 quibus
723 3390 815 3476 longe
829 3393 945 3476 majora
958 3398 1040 3473 certo
1061 3411 1221 3475 speramus
1233 3437 1243 3471 ,
1254 3391 1321 3468 utri
1337 3389 1459 3455 tandem
1475 3408 1532 3455 nos
1546 3389 1662 3456 babere

451 3482 577 3552 meritas
592 3485 708 3566 gratias
721 3494 868 3568 oporteat,
883 3487 1073 3553 elisabethae
1087 3506 1126 3553 ne
1138 3487 1311 3564 farnesiae,
1325 3502 1405 3567 quac
1425 3485 1509 3565 regia
1521 3483 1593 3549 doto
1603 3484 1666 3548 lta·

450 3573 525 3638 liam
541 3573 680 3660 Philippo
700 3581 819 3663 apernit
834 3626 843 3659 ,
857 3589 886 3644 et
899 3579 978 3646 felici
1001 3581 1206 3647 foecunditate
1224 3579 1367 3644 uantum
1387 3578 1487 3646 filium
1506 3578 1606 3659 dedit,
1621 3595 1663 3643 an

450 3665 604 3750 Philippo,
617 3672 672 3751 qui
686 3691 757 3736 cum
771 3673 870 3754 ipsum
885 3670 1045 3755 proprium
1062 3671 1150 3738 nobis
1164 3670 1278 3753 llegem
1292 3667 1399 3749 dedit,
1414 3686 1533 3751 suoque
1554 3667 1666 3751 inclyti

451 3757 597 3843 Principis
610 3765 750 3847 exemplo
764 3767 912 3831 eductum
925 3765 1040 3847 Regem
1054 3764 1210 3849 optimum
1224 3761 1319 3842 dedit,
1331 3760 1422 3843 eique
1435 3761 1600 3843 dandum,
1614 3782 1664 3829 re·

452 3853 573 3934 giarum
586 3857 742 3937 virginum
752 3859 947 3925 lectissimam
958 3877 1103 3938 uxorem,
1114 3857 1283 3925 fortissimo
1293 3856 1666 3938 consilicsapientissimo·

453 3967 512 4031 que
526 3951 710 4035 conciliavit,
724 3974 773 4020 res
788 3954 876 4037 plane
890 3956 924 4021 in
937 3955 1055 4021 incerto
1066 3962 1121 4019 est.
1134 3953 1306 4018 Habeamus
1323 3951 1418 4033 igitur
1434 3951 1555 4032 utrique
1572 3953 1666 4021 innu-

454 4064 564 4123 meras,
578 4049 742 4126 maximas,
755 4049 962 4127 immortalem
976 4066 1011 4113 ac
1026 4048 1084 4114 lico
1096 4047 1216 4130 Optimo
1232 4044 1368 4111 Maximo
1379 4043 1454 4107 casti
1469 4054 1668 4127 nuncupatas

454 4139 619 4205 fundamus
633 4161 745 4223 preces,
760 4150 795 4207 nt
807 4142 977 4226 praesentia
989 4141 1072 4206 buna
1086 4147 1196 4222 servet,
1211 4147 1331 4222 sperata
1340 4141 1518 4221 praestolet
1531 4137 1575 4200 ita
1584 4137 1666 4202 banc

455 4233 611 4314 regiorum
626 4237 794 4320 conjugum
808 4256 881 4303 cnm
895 4243 1010 4318 nostra,
1023 4235 1140 4302 nedttrn
1155 4237 1292 4315 mistam,
1307 4230 1470 4300 confusam
1485 4228 1665 4295 felicitatem

456 4334 599 4397 aetemet.
