3942 5592
590 610 624 671 Si
630 625 765 688 possunt,
781 605 927 682 iooideor,
940 617 1031 683 qasaa
1044 601 1148 676 itaquo
1165 597 1293 670 cotom,
1306 599 1333 654 et
1350 595 1428 657 aaa

590 700 756 762 monem
767 702 900 777 patriam
910 695 1060 771 eremesa,
1074 694 1101 750 ct
1113 706 1189 750 που(
1201 701 1297 747 reram

570 808 571 816 ¹
588 792 720 852 Nomina
729 783 924 868 protulerit?
936 786 1046 860 Licait,
1060 793 1230 858 seraperquc
1243 774 1351 852 iicebit,

589 887 746 967 Sipuotum
755 890 911 964 praesente
923 881 1165 958 octo-procoma
1178 890 1293 937 nomen

590 977 626 1039 lit
639 977 731 1041 siloae
740 973 823 1052 sotiis
829 990 940 1052 prostes
953 973 1106 1031 mutuatur
1120 972 1153 1028 ta
1166 983 1282 1038 asinos,-

588 1072 690 1158 Prgmo
703 1071 830 1132 cedual:
847 1066 1055 1130 tracesiorum
1068 1055 1265 1124 octusiaterit
1280 1064 1385 1131 aetas,-

588 1169 627 1231 Et
639 1173 778 1229 lavatam
789 1169 965 1247 attollerent
981 1165 1068 1226 morlo
1081 1168 1166 1231 oeta,
1180 1166 1343 1242 vigeatque.

588 1262 727 1324 Debemus·
739 1266 829 1324 morti
838 1279 892 1324 oos
903 1265 1083 1336 oestroque.-
1097 1263 1158 1321 siue
1171 1262 1305 1335 receptas

594 1352 683 1414 Terra
697 1353 861 1430 Neptunus,
876 1351 987 1414 classes
1000 1349 1196 1426 aquiloniam
1209 1354 1301 1425 arcet,

589 1451 679 1528 Rapis
693 1464 787 1526 opas3
802 1448 947 1510 sterilisve
960 1447 1016 1508 diu
1024 1445 1127 1524 polus,
1141 1448 1267 1523 optoque
1278 1447 1380 1518 rcrais,

594 1547 713 1606 Vicinos
725 1545 807 1608 urbes
821 1545 874 1606 alit
887 1549 915 1605 et
928 1561 1018 1623 praee
1031 1547 1114 1606 scatit
1129 1548 1283 1613 oratam,-

593 1635 649 1700 Seu
661 1653 778 1700 caraem
789 1640 913 1697 mutavit
925 1639 1061 1713 iniquum
1071 1633 1208 1714 sraqibas
1221 1639 1327 1710 onmis,

593 1734 703 1796 Doctus
716 1739 773 1794 tter
786 1734 892 1801 aetius
904 1755 914 1789 .·
928 1729 1066 1792 momolta
1078 1727 1164 1806 facta
1172 1728 1334 1806 peribant!

587 1825 706 1895 Nedum
718 1840 883 1886 samonum
895 1828 949 1885 stet
962 1819 1053 1882 borms
1067 1826 1094 1881 et
1107 1825 1204 1898 qratia
1217 1826 1320 1882 oioaa.

588 1917 682 1980 Multa
696 1920 896 1992 renascentur,
911 1930 986 1994 qaae
1001 1917 1063 1972 iam
1077 1913 1217 1982 occidere·
1232 1914 1407 1989 cadentque,

589 2008 671 2084 Quae
683 2008 760 2070 aare
774 2011 843 2067 suot
857 2011 891 2066 ia
900 2005 1009 2065 larsaore
1022 2003 1173 2081 uocabulo,
1190 2008 1219 2062 si
1231 2006 1307 2067 votet
1321 2020 1404 2077 usus,

590 2099 678 2175 wem
684 2116 775 2178 peaes
788 2097 938 2158 arbitrium
951 2099 993 2157 est
1008 2098 1036 2154 ct
1049 2098 1097 2156 ius
1111 2099 1138 2154 et
1151 2111 1256 2155 norma
1271 2095 1423 2174 loquendi.

630 2197 688 2258 Res
700 2199 799 2272 gestae
812 2208 968 2272 reqaorqac
982 2192 1162 2268 ducamque,
1176 2193 1203 2250 et
1216 2193 1317 2250 tristia
1331 2190 1420 2263 bella,

590 2291 654 2366 (iao
667 2288 755 2350 sorabi
763 2292 885 2366 possent
896 2304 1026 2362 numero,
1041 2289 1217 2344 rnoastraoit
1232 2285 1385 2346 Homerus.

467 2472 512 2527 bit.
526 2465 610 2537 Notat
625 2465 659 2520 Et
673 2466 736 2520 sune
750 2462 831 2517 verba
845 2467 909 2517 sunt
921 2467 999 2516 notae
1014 2474 1125 2516 rerum:
1148 2460 1218 2516 unde
1237 2463 1351 2516 aotatio
1371 2459 1468 2517 dieitur
1488 2461 1514 2516 in
1527 2457 1645 2535 Topica,

420 2560 506 2617 'loeus
520 2557 594 2631 quod
608 2558 641 2613 ab
656 2557 714 2627 ipsa
727 2557 753 2610 ri
766 2555 839 2609 verbi
853 2560 1045 2626 argumentum
1060 2552 1224 2623 suppeditat.
1247 2554 1316 2610 Sunt
1329 2554 1391 2609 item
1406 2559 1528 2610 monetae
1541 2552 1642 2624 quihus

426 2645 548 2702 homines
561 2643 712 2700 mutorum
725 2639 888 2696 commercia
900 2638 1014 2712 agitant,
1029 2637 1114 2709 iisque
1127 2639 1242 2695 monetis
1256 2639 1389 2711 sapientes
1403 2640 1505 2710 aureis,
1514 2640 1561 2710 qui
1576 2653 1645 2708 pau·

418 2738 468 2794 >ais
480 2735 568 2794 verbis
582 2733 667 2791 multa
680 2733 840 2806 significant,
853 2730 989 2804 elegantes
1000 2732 1146 2802 argenteis,
1160 2731 1206 2803 qui
1221 2732 1365 2788 verborum
1377 2747 1489 2789 numero
1500 2745 1648 2786 numerum

428 2838 520 2881 rerum
532 2827 693 2894 exaequant,
708 2819 835 2892 vulgares
848 2827 876 2876 et
887 2819 970 2875 rudes
984 2818 1068 2874 aereis
1082 2818 1288 2891 quamplurimis
1303 2820 1391 2876 verbis
1405 2834 1493 2890 pauca
1508 2818 1614 2875 dicum.
1702 2847 1705 2850 ·

816 2978 862 3025 lte
873 2977 1058 3026 (tumtunm
1068 2977 1248 3037 generibus.

468 3115 514 3170 ts.
529 3114 584 3169 iles
596 3109 700 3182 qestact
716 3106 778 3162 liele
792 3105 917 3162 Horatius
930 3107 1076 3177 praecipua
1088 3107 1239 3163 carminum
1252 3122 1352 3180 genera
1366 3109 1519 3180 exequitur,
1534 3117 1561 3166 et
1571 3111 1647 3182 quod

424 3198 568 3256 materiam
581 3195 715 3268 poeticam
727 3192 835 3263 exeipit.

470 3285 663 3356 it.1tomerot
677 3287 765 3342 Versu
778 3299 874 3355 nempe
887 3286 1045 3342 hexametro
1058 3327 1066 3359 ,
1087 3286 1173 3357 quiet
1186 3285 1362 3357 amplitudine
1374 3293 1400 3341 et
1413 3286 1546 3358 gravitate
1560 3296 1652 3344 cetera

430 3391 560 3434 versurum
574 3387 674 3446 genera
686 3378 839 3442 exsuperat.
854 3372 1025 3443 Quamquam
1038 3373 1110 3428 enim
1124 3373 1254 3429 iambicus
1268 3379 1443 3445 tetrameter,
1465 3374 1520 3430 sive
1538 3383 1648 3431 octona·

433 3466 511 3538 rius,
527 3463 607 3519 maha
620 3459 727 3533 quantis
739 3459 893 3515 hexameter
905 3460 1071 3530 temporibus
1084 3460 1232 3533 metiatur,
1248 3467 1337 3516 tamen
1350 3460 1456 3516 iambus
1470 3477 1486 3516 a
1498 3461 1573 3518 brevi
1586 3464 1654 3519 inci·

431 3556 487 3627 pit,
502 3553 548 3625 qui
561 3550 714 3627 rhythmum
727 3548 843 3606 celerem
856 3549 960 3622 gignit,
975 3557 1003 3606 at
1016 3550 1152 3620 spondeus
1166 3552 1221 3608 sive
1235 3551 1358 3618 dactylus
1370 3551 1464 3621 incipit
1476 3568 1493 3607 a
1506 3553 1650 3625 producta,

435 3644 482 3716 qui
495 3657 642 3699 numerum
654 3655 766 3713 gravem
778 3638 918 3712 officiunt,
933 3647 963 3697 ut
976 3641 1048 3698 idem
1062 3643 1187 3698 lloratius
1201 3642 1259 3698 heic
1280 3642 1305 3697 in
1326 3645 1397 3698 Arte
1418 3643 1536 3698 iambum
1555 3642 1653 3713 pedem

435 3738 541 3807 citam,
555 3733 689 3806 spondeos
701 3731 821 3794 stabiles
835 3731 908 3788 dicit.

474 3827 513 3883 lb.
529 3825 682 3897 Homerast
696 3825 807 3884 Fallitur
821 3827 881 3884 heic
895 3825 1039 3896 Horatius3
1058 3840 1173 3898 namque
1191 3831 1252 3880 ante
1269 3825 1416 3881 Homerum
1437 3824 1653 3896 quamplurimos

326 3974 329 3982 q
431 3922 527 3987 poetas
542 3915 664 3971 heroicos
677 3916 770 3971 Cicero
783 3915 900 3972 affirmat
913 3917 939 3970 in
954 3919 1064 3974 Bruto,
1081 3921 1110 3971 et
1121 3915 1256 3970 Bursehius
1269 3914 1296 3970 in
1309 3917 1543 3989 Premparntioae
1556 3916 1655 3973 assoo-

432 3998 530 4076 qelica
543 4002 697 4057 nominatim
711 4009 854 4058 enumerat
866 4000 1044 4058 Philemonem
1057 4041 1064 4067 ,
1079 4000 1267 4074 Thamyridam
1279 4041 1287 4073 ,
1301 4001 1504 4070 Demodocum,
1519 4002 1654 4058 aristeum

438 4089 569 4160 aliosque.
584 4091 662 4146 Certe
676 4097 737 4145 ante
751 4087 875 4145 heroicos
889 4094 1033 4143 narrantur
1046 4096 1139 4159 poetae
1153 4088 1280 4161 theologi.
1295 4089 1341 4160 qni
1355 4088 1515 4144 hexametris
1528 4090 1652 4145 versibus

432 4175 559 4231 cecinere
571 4195 579 4247 ς
594 4176 632 4232 uti
646 4177 780 4248 Orpheus,
794 4173 936 4246 Amphion,
953 4175 1047 4246 Linus,
1063 4176 1171 4231 btuseue
1184 4215 1192 4244 ,
1206 4174 1338 4230 Hesiodus
1351 4214 1358 4242 ,
1372 4189 1473 4245 eosque
1486 4173 1651 4232 hexametris

435 4266 557 4323 semibus
571 4283 649 4323 suam
662 4267 835 4340 Theologiam
850 4268 1006 4338 concepisse
1021 4273 1152 4324 testantur
1166 4268 1317 4342 Orphica:
1336 4281 1406 4338 quae
1426 4266 1546 4321 carmina
1559 4282 1658 4338 quam·

437 4373 522 4430 quarn
535 4357 669 4414 subditiva
682 4373 699 4414 a
710 4360 814 4415 ortacia
826 4359 976 4417 habeantur
989 4401 997 4431 ,
1018 4365 1106 4416 tamen
1119 4360 1210 4433 quiea
1223 4359 1367 4428 confinxit,
1386 4359 1546 4415 hexametris
1566 4361 1656 4415 eonsi-

437 4447 531 4518 gnavit
542 4453 574 4502 ut
586 4462 651 4503 vera
664 4446 746 4520 vtilgo
760 4449 900 4518 probaret,
915 4450 989 4521 quod
1003 4458 1097 4522 poetae
1112 4450 1229 4525 theologi
1242 4467 1275 4509 eo
1288 4449 1415 4507 carminis
1428 4465 1526 4521 genere
1540 4449 1583 4503 usi
1596 4448 1655 4506 lire·

437 4537 500 4591 rint.
517 4534 614 4593 Procul
628 4537 708 4593 dnbio
723 4538 829 4594 Hesiodi
846 4540 1011 4614 Tloeoqoata
1024 4543 1187 4602 hexametris
1201 4549 1241 4599 est
1254 4539 1401 4598 modulata.
1417 4542 1447 4595 ln
1460 4544 1544 4596 ttooa
1555 4544 1656 4596 Scien-

437 4622 484 4677 tta
495 4619 555 4691 ejus
569 4621 607 4677 rei
621 4621 780 4692 principium
795 4629 822 4680 et
834 4638 948 4683 cariosae
962 4636 1146 4698 exponuntur,
1161 4631 1188 4684 in
1200 4643 1254 4700 qua
1265 4627 1466 4684 demonstratur
1475 4625 1577 4695 primos
1589 4643 1657 4697 gen·

439 4706 507 4760 tium
522 4705 638 4776 populos
651 4715 748 4763 natura
768 4708 887 4766 extitisse
907 4718 1018 4782 poetas:
1043 4713 1113 4770 trude
1134 4728 1226 4769 omnes
1247 4710 1372 4782 profanae
1391 4709 1513 4765 historiae
1533 4710 1655 4765 sabulosa

442 4791 538 4848 limant
551 4794 691 4870 [reincipim
707 4800 880 4873 gentiumque
893 4803 1007 4876 origines
1019 4821 1035 4861 a
1049 4804 1098 4860 diis
1112 4810 1159 4862 aut
1170 4801 1295 4861 barabas
1307 4807 1436 4858 revocant
1449 4824 1454 4854 ι
1469 4814 1568 4872 eosque
1582 4799 1654 4870 ipsos
