3942 5592
470 516 508 578 'ii

428 630 535 704 diam,
552 636 582 694 ct
602 624 859 704 admirationem,
880 633 910 691 et
923 621 1138 700 desiderium,
1158 628 1189 686 et
1204 629 1324 687 metam
1337 620 1517 687 commiscet
1529 620 1563 686 in
1576 621 1633 687 iiis

373 761 374 764 ,
430 708 581 775 clausula.
606 708 705 770 Hisne
717 712 764 768 cir
773 711 895 785 patriae
906 710 996 768 natus
1010 749 1018 776 ,
1033 720 1184 782 usquam,
1201 708 1264 765 nisi
1278 707 1427 781 inputrio
1440 745 1450 778 ,
1463 707 1633 766 monum?

427 794 487 851 Aul
498 795 526 850 si
538 789 617 866 sorte
630 806 688 866 pro
697 793 800 865 petria
811 787 900 848 iuius
913 803 965 848 nos
980 789 1076 846 cnirni
1089 791 1280 845 mmunsenta
1295 783 1481 855 retinebitise
1495 791 1630 863 corporis

430 875 466 931 in
478 869 569 944 italic
581 869 700 930 nulium
713 867 901 946 sensatarum
920 883 982 927 esse
990 865 1178 944 patiemini?
1200 864 1285 924 Husse
1306 879 1364 925 suc
1384 868 1544 943 quispim
1564 882 1631 927 sen·

341 1014 348 1027 k
431 955 525 1011 tentio
538 969 577 1011 en
592 948 650 1009 lece
662 947 733 1009 urbs
746 947 899 1024 expellet,
920 963 1007 1024 quem
1020 963 1116 1007 munes
1129 946 1218 1006 urbes
1232 944 1394 1023 ramirum
1409 961 1429 1003 c
1442 943 1526 1006 ociis
1543 945 1587 1004 oti
1597 964 1630 1007 se

432 1028 606 1091 vocabunt?
625 1030 652 1086 0
665 1026 875 1088 terramillam
890 1027 1005 1087 beatam
1018 1067 1028 1102 ,
1042 1041 1119 1102 quae
1142 1023 1220 1086 hunc
1249 1031 1348 1085 cirum
1359 1025 1532 1102 eceeperstt
1547 1024 1632 1087 Hane

393 1114 398 1124 '
433 1114 595 1188 incretam,
608 1111 636 1169 si
646 1112 760 1170 eiecerit
771 1110 783 1169 t
795 1107 947 1185 Miserum,
963 1113 992 1168 si
1004 1104 1147 1169 amiserit!

884 1287 928 1335 nit
942 1283 1104 1345 ELOQUUTI
1112 1285 1186 1333 oliti.

437 1392 440 1396 ⁴
479 1434 526 1496 oe
535 1439 714 1514 inventione,
728 1440 755 1497 et
766 1417 960 1516 dispoiitione
972 1434 1114 1498 haetenus
1121 1439 1283 1515 praecepta
1293 1440 1542 1518 mnsipncrimuss
1551 1453 1632 1500 nttne

437 1519 480 1579 ori
492 1516 685 1578 elocutionem
698 1518 829 1593 padum
841 1517 992 1593 [amaneus
1004 1559 1013 1594 ,
1026 1534 1104 1596 poce
1113 1521 1270 1597 potissimo
1283 1515 1374 1581 iuius
1386 1522 1463 1579 artis
1472 1523 1630 1598 possetis

435 1603 481 1666 ,ua
494 1602 528 1657 ut
542 1597 580 1658 cb
594 1597 1099 1676 erectoquentioncmenucecperits
1649 1638 1652 1642 -

477 1676 531 1738 Est
545 1682 643 1738 autem
656 1677 780 1737 etcnstio
794 1678 967 1739 idoneorum
980 1677 1147 1753 ociorum,
1161 1680 1189 1735 et
1198 1679 1459 1740 reclamaremus
1468 1696 1517 1741 res
1530 1682 1632 1741 inaen-

434 1756 953 1836 tns,etdtsp'ositas‚arecmmodotc
968 1761 1128 1835 expositio.
1342 1815 1347 1827 ,
1604 1781 1610 1802 ⁶

443 1872 447 1879 -
476 1837 551 1899 Eius
562 1842 745 1915 praecipuae
753 1844 859 1914 partes
876 1843 950 1900 sunt
962 1839 1131 1917 elepantic,
1147 1837 1300 1925 cionitas,
1321 1841 1349 1898 ei
1367 1842 1548 1916 compositio.
1564 1840 1632 1905 Etc-

435 1921 540 1996 pantio
552 1921 631 1977 enim
643 1922 677 1977 in
689 1916 797 1992 uerbis,
811 1924 839 1977 ei
851 1922 1006 1980 sententiis
1012 1939 1026 1988 ,·
1041 1919 1171 1996 (liquitur
1183 1921 1217 1976 in
1229 1918 1398 1979 illustribus
1410 1920 1564 1980 emiorum
1577 1965 1587 1996 ,
1602 1927 1631 1983 et

435 2000 599 2155 antima
608 1997 739 2076 taurim
753 2003 926 2076 conpositio
936 2005 968 2061 in
979 2001 1130 2075 iunctura,
1136 1999 1275 2075 periodo,
1285 2014 1459 2079 nummoque
1467 2005 1629 2079 matur.

492 2081 522 2138 si
594 2083 621 2139 is
636 2082 738 2157 ipitur.

762 2257 805 2307 DE
818 2256 998 2308 ELEGANTIA
1012 2257 1122 2308 intitul
1135 2255 1303 2308 sectioni&

475 2404 626 2468 lestinitcs
639 2413 682 2471 est
694 2408 859 2468 obseruatio
873 2411 1040 2486 incompte
1052 2407 1194 2484 loquendi
1211 2422 1333 2469 rcmmto
1353 2424 1419 2468 uso.
1443 2404 1635 2486 Quapropter

438 2504 475 2547 eo
486 2503 546 2555 non
558 2492 671 2547 tamum
684 2491 891 2563 prommatieis
900 2487 1157 2566 praeceptionibus
1168 2492 1295 2565 paratur
1307 2531 1316 2564 ,
1337 2494 1479 2566 numium
1491 2488 1632 2548 bonorum

437 2569 617 2642 scriptorum
631 2566 762 2627 lectione.
778 2566 974 2629 Praeclarum
985 2572 1075 2643 enim,
1090 2571 1118 2628 ei
1129 2584 1230 2629 oerum
1243 2571 1287 2628 esi
1299 2567 1376 2629 illusi
1390 2567 1574 2642 Quintiliani
1583 2569 1632 2629 di·

442 2649 532 2704 etum.
557 2643 651 2706 Aliud
664 2651 706 2705 esi
718 2652 927 2724 prammciirc,
949 2647 1038 2708 nicusi
1057 2648 1152 2708 latine
1173 2647 1265 2726 ioqui.
1289 2645 1384 2710 Possis
1403 2651 1522 2727 quidem
1539 2651 1633 2709 iuxta

436 2909 670 2970 emiserieorelia
682 2950 690 2982 ,
704 2914 936 2979 ammiracione,
949 2926 965 2967 e
978 2909 1123 2969 desiduis
1135 2927 1151 2968 e
1162 2913 1287 2984 timore,
1306 2913 1340 2967 in
1352 2909 1452 2984 puella
1469 2912 1630 2987 eicssotci.

434 2986 476 3043 Ed
490 3001 554 3043 unm
568 2986 748 3057 sitiatto,natc
759 3003 808 3059 per
821 2988 848 3044 ic
860 2988 912 3045 ben
925 2987 994 3044 delia
1007 2987 1104 3059 patria,
1114 2987 1217 3044 aitrcve
1227 2986 1279 3044 ene
1288 2986 1357 3043 neiis
1367 3003 1417 3045 sua
1426 2990 1515 3061 patria
1525 2990 1642 3057 manat,

434 3062 458 3118 Ε
471 3077 501 3120 se
516 3077 563 3131 per
577 3071 722 3121 accentum
735 3066 744 3121 i
757 3065 926 3123 monumenti
939 3062 982 3120 dei
997 3079 1047 3120 sun
1060 3079 1194 3135 generoso
1204 3065 1291 3120 animo
1304 3079 1385 3120 verso
1405 3064 1432 3121 la
1451 3068 1538 3137 patria
1555 3069 1634 3125 riter·

432 3144 502 3209 reia,
518 3137 567 3194 che
580 3137 600 3194 ii
613 3154 664 3194 sno
676 3154 761 3216 ¹carpo
772 3141 904 3196 contrari
918 3139 1044 3211 sepoicrc
1056 3141 1085 3195 in
1101 3139 1175 3196 ttaiis
1189 3138 1343 3196 soiierrctsi
1352 3139 1392 3197 ssn
1404 3141 1506 3198 sicuno
1516 3159 1568 3200 con
1578 3159 1631 3200 suo

433 3221 501 3270 roto
514 3213 639 3270 nirandiri
649 3214 675 3272 ct
685 3217 770 3273 Romo
780 3215 940 3287 coetui,che
950 3221 1020 3271 tutte
1031 3213 1055 3270 ie
1067 3215 1163 3271 cittcdi
1173 3215 1226 3272 asi
1234 3215 1437 3273 ehiamercnnoi
1446 3217 1528 3278 Βοαῐι
1540 3219 1634 3292 queiis

430 3297 509 3422 terirla
521 3288 576 3422 einp¹
588 3290 792 3421 upltact’uomo
806 3290 970 3364 seccgiierii
985 3292 1096 3363 ingrata
1107 3300 1203 3364 queem
1215 3298 1309 3349 noeirs
1322 3306 1353 3348 sc
1364 3291 1381 3348 ii
1394 3297 1522 3353 escuerii
1533 3296 1630 3352 itinera
1672 3307 1674 3311 ’

433 3379 465 3420 ae
510 3379 557 3437 pcr
576 3380 605 3423 er
1147 3397 1151 3404 ·

901 3523 985 3565 mittin
999 3521 1167 3564 chilzioiiss.

474 3658 635 3730 imcgnstii
649 3659 761 3731 precctii
773 3659 842 3718 ieiin
854 3659 1007 3717 invencione
1017 3676 1032 3718 e
1042 3660 1113 3718 detis
1126 3657 1315 3730 dispositione,
1325 3674 1374 3717 ors
1385 3659 1575 3720 c'inoitriarno
1585 3660 1637 3720 niis

437 3733 612 3866 Eiocncliorpe,
623 3735 675 3793 ens
689 3735 716 3793 ci
726 3737 813 3809 quest’
824 3745 883 3793 arte
896 3732 912 3792 i
925 3732 950 3791 ia
963 3743 1040 3808 parts
1052 3735 1190 3809 poissins
1201 3773 1210 3805 ,
1223 3736 1379 3796 intentochc
1397 3737 1435 3794 is
1451 3751 1514 3794 essa
1533 3739 1637 3811 precis

436 3824 519 3867 noma
559 3826 602 3867 eo
622 3827 716 3869 uenza.
881 3844 886 3853 ·

477 3886 499 3942 E
512 3825 630 3945 concello
643 3887 705 3943 neii’
715 3886 844 3943 seconcia
855 3887 1022 3958 esposicione
1032 3884 1059 3941 di
1071 3885 1164 3959 parole
1174 3884 1302 3959 idonee,c
1313 3885 1339 3942 ni
1349 3891 1472 3945 mstsncc
1483 3890 1639 3962 eggioststs

441 3977 457 4018 e
471 3963 642 4018 convenienti
655 3962 707 4019 aiia
720 3978 785 4019 cose
799 3968 902 4020 trovato
915 3977 931 4018 e
944 3961 1074 4034 disposte.
1517 3968 1520 3974 “

476 4036 549 4093 Delia
562 4038 716 4096 eincsuions
730 4054 795 4095 sono
808 4040 880 4109 parti
892 4034 1036 4110 principaii
1047 4037 1072 4095 ia
1085 4037 1255 4112 eieganca,is
1263 4036 1375 4109 digniti,
1387 4034 1414 4093 is
1426 4035 1636 4109 composicione.

437 4112 469 4169 L'
479 4112 604 4186 eieganza
615 4112 708 4183 spicea
719 4113 791 4171 neiie
804 4114 897 4186 parcis
909 4129 924 4170 e
937 4113 1008 4171 neiie
1022 4124 1166 4185 sentence,
1181 4112 1207 4169 ia
1220 4113 1321 4186 digniti
1339 4112 1409 4170 neiis
1428 4110 1529 4170 tiinstri
1551 4112 1642 4186 ligure

442 4187 469 4244 tii
479 4188 572 4259 parcis
584 4205 600 4245 e
613 4190 640 4246 di
654 4196 799 4263 sentenca3
814 4191 840 4247 ia
852 4189 1052 4260 composicione
1066 4192 1108 4248 nei
1122 4190 1373 4262 congiungimento,
1383 4185 1429 4246 nei
1441 4187 1576 4262 periodo,
1596 4187 1639 4246 sei

438 4267 727 4325 nnmcrocsrmocia.
742 4266 1139 4343 apartespcrteiiogncns
1152 4271 1321 4324 natteremc.
1535 4263 1537 4278 '

757 4410 761 4422 '
776 4434 861 4477 neces
873 4433 1005 4488 peresum
1017 4433 1069 4478 osc
1082 4434 1176 4477 nermo
1189 4430 1318 4474 senscse.

405 4597 407 4608 ,
478 4567 611 4625 Lctnsiti
623 4567 639 4626 i
653 4568 671 4626 i’
682 4584 843 4628 asservasse
855 4571 881 4629 (ii
895 4570 1000 4642 pariare
1019 4574 1179 4644 pinamonte
1197 4567 1316 4626 secondo
1335 4566 1490 4626 iiecstume
1513 4581 1639 4623 romano.

440 4642 515 4700 Onde
526 4646 674 4717 nequistasi
688 4663 741 4703 non
756 4653 829 4703 tanto
843 4647 885 4704 eo’
897 4649 1010 4720 precetti
1024 4640 1238 4720 grammaticali,
1259 4651 1359 4718 quanio
1379 4645 1452 4701 eoiia
1471 4643 1573 4700 iecione
1597 4641 1644 4701 dei

437 4715 520 4774 buoni
531 4723 661 4778 scrittori.
677 4723 732 4780 Che
745 4723 965 4796 prcgeroiiasimo
978 4739 993 4780 e
1005 4739 1071 4781 vcro
1084 4722 1099 4781 i
1113 4723 1132 4781 ii
1145 4722 1220 4780 detto
1232 4722 1259 4778 di
1272 4718 1535 4792 onustissimum
1547 4734 1643 4776 essere

440 4789 466 4846 it
475 4793 584 4864 purior
595 4797 913 4873 prammattcnlinente,
927 4798 1006 4859 citro
1018 4797 1160 4873 ilportar
1172 4797 1372 4857 tatincnerie.
1391 4797 1414 4854 tt
1432 4801 1601 4856 ceriamcnte
1621 4795 1646 4851 si
