3942 5592
1455 539 1522 610 {19'

343 654 425 734 qood
437 656 593 729 reddidit3
608 661 661 735 qni
674 661 771 717 antem
786 655 880 728 debet,
897 663 925 719 is
938 662 1043 721 retinet
1056 658 1206 720 alienum:
1228 666 1361 737 qratiam
1383 667 1497 742 anien,
1519 666 1548 723 ct

346 741 400 814 qni
413 736 505 815 refert
519 737 617 815 habet,
633 741 659 797 et
674 743 728 814 qni
736 736 834 814 nabet,
850 742 882 816 in
895 755 928 798 eo
942 744 1020 818 ipso,
1035 736 1222 817 reccheoet,
1236 739 1344 817 refert.
1359 762 1376 798 n

392 817 727 895 Paradiastole,coram,
738 834 815 893 qnae
824 818 914 895 oripo
925 819 1106 898 ebofflnitate
1115 825 1344 897 coninnpontar,
1356 824 1463 882 remoto
1473 839 1545 898 nno,

342 897 468 957 aitermm
476 903 606 975 ponitur.
620 896 657 956 In
672 899 796 958 Verrem:
809 919 825 954 a
838 899 906 958 Non
917 904 995 961 enim
1005 899 1115 978 sarem,
1128 902 1179 961 seri
1186 900 1379 978 praedonem,
1392 918 1449 961 non
1459 903 1548 964 adni-

343 981 460 1054 ierom,
490 978 542 1039 scri
555 982 785 1056 caepnpnatorcm
796 980 984 1056 padicitiae,
1010 998 1069 1041 non
1082 981 1285 1060 socriicpnm,
1305 985 1358 1044 seri
1371 984 1481 1044 irostcm
1492 1001 1542 1043 sa-
1628 1046 1638 1063 ‚

342 1075 469 1118 crorum.
477 1079 492 1113 ii

384 1136 585 1217 Ennaticyosis
599 1141 757 1199 orationem
770 1154 810 1198 erc
821 1138 1003 1212 onttn'teticis,
1018 1149 1070 1200 sea
1084 1143 1240 1199 contrariis
1253 1141 1395 1203 itinctrot.
1410 1143 1471 1202 Pro
1482 1140 1546 1202 m·-
1643 1207 1645 1217 ,

347 1216 426 1278 lone.-
441 1241 457 1276 a
475 1220 527 1281 Est
540 1221 615 1278 enim
630 1217 772 1277 toronen
786 1223 909 1295 scripto,
926 1220 980 1279 seri
993 1226 1066 1280 nota
1080 1218 1143 1279 lex.
1161 1239 1177 1274 n

388 1296 603 1358 Antimetobote
619 1303 661 1357 est
675 1301 826 1357 contraria
840 1302 982 1358 sententio
997 1314 1062 1358 com
1075 1305 1240 1361 inversione
1254 1301 1421 1364 verborum:
1438 1299 1546 1364 Poemo

347 1382 388 1439 esi
401 1383 520 1454 pictura
534 1378 666 1455 loquens,
680 1382 793 1438 maiam
803 1383 926 1453 pictura
938 1394 1053 1453 poema.
1327 1409 1329 1413 π

386 1457 503 1520 Plinius
516 1463 549 1516 in
558 1463 753 1536 poaepprico:
767 1479 782 1514 a
799 1459 868 1518 Non
881 1459 949 1518 ideo
963 1465 1067 1522 or'cisse
1079 1462 1208 1538 nidoris,
1226 1467 1257 1524 nt
1270 1461 1478 1540 triumphares,
1492 1466 1546 1528 sad

345 1536 545 1616 triumphare,
556 1544 628 1614 qnia
651 1545 789 1599 renarras.
810 1559 822 1591 i
839 1539 877 1599 Et
890 1538 970 1599 ilina
982 1561 992 1597 .·
1004 1559 1021 1595 n
1035 1559 1096 1603 csse
1110 1547 1240 1619 oportet,
1255 1548 1288 1602 at
1311 1548 1405 1623 vivos,
1419 1560 1478 1603 non
1496 1551 1541 1605 oi·

343 1635 410 1678 nere
423 1623 456 1679 ot
470 1620 553 1680 edos.
568 1636 585 1672 n
603 1619 702 1678 Cicero
719 1617 755 1678 de
770 1618 895 1695 iepibos:
915 1641 926 1672 ι
948 1619 1018 1679 Vere
1027 1622 1088 1682 diei
1097 1627 1202 1698 potest,
1213 1625 1488 1699 nrapistratamesse
1499 1625 1544 1686 ie·

347 1713 411 1775 pem
427 1702 597 1778 toquentem,
611 1697 702 1775 tepem
717 1701 813 1757 antem
827 1705 937 1759 maiorm
951 1705 1170 1776 mapistrotom.
1189 1722 1205 1757 n

265 1837 269 1845 ,
391 1778 556 1838 Onimoron
570 1780 632 1854 est,
647 1779 803 1838 comiciam
818 1780 855 1838 rie
874 1785 969 1856 seipso
989 1788 1115 1858 nepatnr
1124 1805 1137 1854 ,·
1156 1791 1189 1841 at
1204 1783 1257 1843 ilic
1270 1782 1362 1861 oripi.-
1382 1784 1418 1843 iii
1430 1784 1549 1864 aiiqnid

346 1858 426 1919 ninii
440 1863 501 1920 est:
518 1863 551 1918 tn
559 1857 614 1935 poi
627 1862 655 1916 si
668 1864 761 1934 sapis,
774 1859 855 1934 qnod
866 1865 936 1936 scis,
947 1866 1052 1922 neseis.
1067 1863 1106 1924 Et
1117 1881 1184 1922 cam
1201 1867 1357 1925 Terentio.-
1372 1880 1438 1923 ercm
1451 1865 1545 1925 ratio·

344 1943 578 2009 normanicam
593 1939 675 2015 apori
685 1938 849 1997 Horatiano:
868 1945 988 2001 strenae
999 1946 1119 2016 inertia,
1134 1950 1284 2022 insaniens
1299 1947 1460 2020 sapientia,
1476 1963 1543 2005 con·

342 2018 450 2098 sultam
464 2036 586 2090 errare,·
608 2023 635 2077 et
649 2021 731 2095 epod
749 2020 913 2079 Ooidinm:
935 2021 1093 2082 concordio
1107 2026 1220 2085 discors
1232 2045 1246 2095 ,·
1267 2028 1379 2085 iniuste
1398 2027 1490 2099 insto.
1507 2024 1545 2086 Et

343 2101 424 2175 apud
437 2097 616 2159 Martialem:
635 2098 704 2158 Non
718 2099 786 2160 bene
801 2117 912 2176 semper
925 2102 995 2175 olet,
1011 2107 1063 2180 qni
1076 2104 1146 2165 benc
1160 2120 1273 2182 smnper
1286 2103 1352 2165 otei.
1367 2104 1450 2165 lieo.-
1462 2110 1543 2183 qnis-

339 2183 408 2255 pois
420 2179 529 2257 nbiqae
542 2178 665 2256 inabitat,
688 2180 822 2240 Narcime
835 2197 982 2258 nosquam
995 2181 1121 2276 inabitat.¹
1414 2188 1424 2215 ¹

515 2389 558 2436 DE
571 2390 697 2440 ricinus
709 2388 950 2441 senrrnrinnont
966 2393 1011 2442 AD
1024 2391 1249 2444 Exrninfflnoos
1262 2394 1376 2445 rionis·

387 2561 425 2620 In
442 2561 491 2621 iris
506 2566 548 2620 esi
563 2562 793 2639 Sermocinctio,
815 2578 879 2622 cnm
892 2581 985 2626 sermo
996 2582 1137 2643 personae
1144 2583 1204 2642 pro
1209 2569 1285 2639 ,eine>
1295 2569 1438 2642 dipnitate
1450 2565 1544 2647 affipr'·

343 2647 403 2704 incr.
425 2640 485 2701 Pro
498 2640 630 2714 Quintio.-
643 2641 723 2717 (iniri
731 2645 773 2703 od
783 2643 853 2702 hoec
863 2644 1014 2706 Nece-ins?
1021 2645 1109 2706 Ridet
1118 2646 1229 2706 seilicet
1237 2650 1365 2706 nostram
1374 2654 1543 2726 amentiam,

346 2726 400 2800 qni
413 2726 446 2783 in
455 2725 519 2782 oitn
532 2737 589 2782 soa
602 2726 744 2784 rationem
756 2728 805 2786 soi
819 2722 905 2802 officii
922 2723 1132 2786 desideramus.
1151 2728 1231 2803 (inid
1244 2725 1330 2800 milri,
1344 2733 1461 2807 inquit,
1478 2745 1545 2790 cam

342 3019 459 3079 efinchi
472 3022 505 3078 ho
519 3021 534 3077 ii
550 3020 648 3094 debito,
664 3022 759 3077 ritrene
774 3022 800 3077 ia
813 3035 877 3076 cose
890 3018 979 3076 nltrni.
996 3021 1037 3075 Mn
1051 3018 1157 3084 inietto
1172 3019 1199 3075 di
1212 3019 1387 3092 gratitudine,
1404 3020 1448 3077 ehi
1463 3037 1493 3078 sc
1505 3037 1540 3081 no

343 3097 457 3163 sdebiin,
473 3097 496 3154 ln
510 3112 640 3153 conserva
652 3097 686 3153 ed
700 3097 743 3166 ha,
758 3097 826 3152 echi
840 3095 858 3150 l'
869 3097 913 3167 he,
925 3094 982 3149 solo
998 3093 1097 3165 perche
1111 3093 1129 3149 i’
1140 3094 1174 3150 ha
1187 3111 1215 3151 se
1229 3112 1263 3151 ne
1278 3096 1381 3151 sdebito
1393 3117 1418 3149 o.

379 3175 416 3228 La
428 3173 628 3239 Paradiastoie,
644 3173 712 3228 deiie
728 3187 792 3228 cose
813 3173 862 3228 che
882 3187 930 3242 per
951 3171 1054 3227 offiniti
1074 3178 1283 3227 comnnernente
1308 3172 1330 3226 si
1351 3171 1541 3244 congiungono

343 3264 399 3304 una
411 3249 521 3313 rirnore,
536 3265 550 3304 e
564 3248 656 3304 Peitrn
669 3249 773 3304 ritiene.
790 3249 889 3304 Cancro
902 3249 985 3304 Verre
1003 3269 1013 3296 n
1028 3250 1086 3304 Non
1101 3246 1185 3314 iadro,
1201 3263 1245 3302 nra
1258 3246 1387 3318 predone:
1399 3262 1452 3302 non
1465 3247 1543 3318 adni-

342 3329 421 3395 tero,
437 3340 481 3380 mn
493 3331 674 3398 espngnntore
687 3322 757 3381 dello
770 3323 914 3396 pudicicia,
929 3324 983 3379 non
997 3323 1148 3395 sacrilego,
1163 3337 1207 3377 mr
1219 3324 1329 3378 inimico
1343 3322 1368 3379 d⁷
1375 3323 1436 3394 ogni
1460 3339 1543 3380 sacra
1644 3356 1648 3370 ·

340 3413 407 3455 costi
421 3422 445 3454 n.

378 3474 549 3531 L’Ennntiosi
563 3475 687 3530 illumina
697 3471 714 3526 i'
722 3473 846 3528 oracione
857 3484 909 3526 oon
920 3471 1061 3546 antitesi,o
1074 3474 1269 3544 eontrapnosii.
1279 3477 1330 3531 Per
1341 3471 1436 3529 Milone
1451 3474 1542 3541 «Quc-

340 3549 469 3606 sianone
483 3551 558 3621 iegge
572 3552 676 3618 scritta,
693 3565 737 3603 mn
748 3554 811 3604 nntn
824 3561 873 3602 ece
887 3567 912 3600 n.

377 3626 405 3681 Ι]
416 3624 636 3682 nntimetabolee
650 3641 704 3681 una
719 3630 844 3679 sentenze
857 3623 994 3679 contraria
1006 3640 1058 3681 con
1073 3624 1206 3680 inversion
1221 3625 1247 3681 di
1261 3625 1362 3695 parole:
1376 3645 1387 3674 n
1403 3622 1424 3678 ll
1443 3638 1542 3694 poema

339 3696 422 3756 eunn
433 3702 531 3772 pittnrn
544 3701 673 3772 pnrinnie,
690 3700 743 3755 eia
755 3701 860 3770 pitture
875 3715 913 3753 nn
927 3706 1003 3755 muto
1018 3717 1111 3771 poema
1126 3723 1137 3750 n
1162 3701 1182 3755 E
1196 3700 1212 3755 ii
1234 3702 1299 3757 trito
1313 3698 1453 3772 proverbio
1471 3723 1482 3750 r
1500 3701 1542 3755 Bi·

341 3790 426 3845 sognn
440 3778 572 3845 menpinre
586 3778 748 3847 pervinere,
763 3791 814 3828 non
830 3775 921 3830 nivern
940 3791 988 3844 per
1009 3792 1142 3849 margiane
1159 3801 1183 3830 o.
1205 3777 1334 3834 Cicerone
1353 3775 1395 3830 nel
1412 3781 1485 3832 terzo
1504 3773 1541 3831 de

340 3853 466 3923 Lenibus
484 3874 495 3901 «
506 3854 664 3908 veramente
675 3851 731 3923 nui>
743 3851 808 3906 dirsi
820 3849 869 3906 ohe
883 3851 898 3906 ii
912 3851 1066 3922 magistrata
1080 3855 1120 3908 sin
1134 3851 1159 3907 la
1172 3852 1249 3924 legge
1262 3853 1416 3925 parlante,e
1427 3850 1453 3911 in
1464 3851 1541 3924 {egge

341 3926 408 3982 sinii
422 3927 576 3999 Magistraco
590 3935 676 3984 muto.
1579 3997 1581 4001 .

375 4002 544 4059 L'Ossimoro
558 4000 599 4059 iil
611 4019 709 4076 negare
723 4002 803 4058 iana
816 4016 881 4056 cosa
895 4001 944 4058 che
960 4004 1000 4057 sin
1012 4002 1075 4073 quei
1088 4000 1158 4057 ch’e.
1174 4003 1254 4059 Corne
1269 4003 1275 4057 i
1289 4003 1390 4077 volgari
1403 3999 1468 4058 detti
1481 4024 1492 4052 o
1505 4003 1540 4059 Sc

338 4073 381 4132 hri
395 4094 489 4147 senno,
505 4096 559 4135 non
573 4095 653 4149 saner
666 4079 708 4134 cii
722 4078 772 4133 che
787 4078 825 4132 sni
840 4077 971 4143 nonesto
983 4076 1100 4148 quelche
1114 4093 1179 4134 cosa
1190 4077 1205 4133 ὸ
1216 4094 1252 4134 un
1265 4078 1307 4134 bei
1319 4080 1392 4136 nnlln
1405 4100 1429 4131 o.
1442 4078 1538 4149 Eque!

339 4148 366 4205 di
382 4152 517 4210 Triennio:
538 4177 549 4204 n
565 4154 706 4225 lmpazzire
721 4169 772 4208 con
783 4155 901 4224 ragione:
920 4175 931 4204 ι
950 4169 965 4209 e
979 4154 1006 4209 di
1020 4153 1114 4226 Oraeio
1128 4175 1139 4203 r
1156 4154 1242 4211 Stolta
1256 4159 1389 4225 snpienza:
1407 4172 1423 4209 n
1435 4171 1451 4212 e
1464 4153 1490 4210 di
1504 4153 1539 4210 0-

336 4226 418 4285 vidie:
435 4250 447 4280 ι
463 4229 593 4287 Discorde
607 4229 754 4285 eoncordia
770 4252 781 4280 n
798 4245 812 4285 e
826 4229 852 4285 di
867 4229 1001 4285 Morziale:

541 4319 588 4371 Chi
602 4319 627 4370 in
637 4319 693 4387 ogni
705 4318 757 4370 loco
770 4318 801 4370 ha
812 4326 904 4381 sionna,
915 4318 942 4369 in
954 4318 1029 4369 niuno
1040 4317 1071 4370 ha
1082 4327 1170 4372 stanna.

556 4497 639 4536 DRLLE
652 4499 749 4537 FiGURE
763 4499 791 4537 ol
805 4498 936 4538 suornm
949 4497 1001 4537 PER
1012 4497 1161 4538 nsrnmsslms
1174 4499 1184 4537 1
1199 4498 1317 4541 COSTUMI.

375 4621 449 4679 Colin
468 4625 725 4683 Sermocinam‘one
746 4627 934 4684 s'nttribuisee
950 4644 986 4683 un
1003 4627 1125 4682 discorso
1140 4627 1173 4684 od
1186 4645 1240 4684 nnn
1254 4644 1369 4699 persona
1382 4628 1499 4686 secondo
1513 4629 1538 4686 in

340 4699 442 4772 digniti
456 4697 483 4753 di
497 4697 537 4754 lei.
553 4703 680 4758 Cicerone
695 4720 743 4774 ner
756 4705 877 4771 Quinzio:
899 4725 909 4752 n
926 4705 979 4758 Che
994 4704 1018 4759 ei
1032 4703 1157 4773 risponde
1169 4705 1266 4760 Nerio?
1280 4707 1307 4760 Si
1322 4706 1388 4762 betia
1402 4708 1427 4764 di
1441 4712 1538 4762 nostra

339 4774 522 4845 sciocchezza,
537 4777 588 4834 che
600 4779 642 4838 nei
653 4781 726 4836 river
741 4796 791 4836 suo
805 4779 984 4838 desiderinmo
998 4795 1052 4837 uno
1065 4779 1194 4838 condoma
1207 4780 1233 4837 di
1242 4781 1364 4855 rigoroso
1377 4783 1467 4842 bonti.
1483 4782 1537 4842 Che
