<?xml version="1.0" encoding="UTF-8"?>
<!DOCTYPE html PUBLIC "-//W3C//DTD XHTML 1.0 Transitional//EN"
    "http://www.w3.org/TR/xhtml1/DTD/xhtml1-transitional.dtd">
<html xmlns="http://www.w3.org/1999/xhtml" xml:lang="en" lang="en">
 <head>
  <title>
</title>
<meta http-equiv="Content-Type" content="text/html;charset=utf-8" />
  <meta name='ocr-system' content='tesseract 3.04.00' />
  <meta name='ocr-capabilities' content='ocr_page ocr_carea ocr_par ocr_line ocrx_word'/>
</head>
<body>
  <div class='ocr_page' id='page_1' title='image "./operedigiambatt01ferrgoog_0520.png"; bbox 0 0 3942 5592; ppageno 0'>
   <div class='ocr_carea' id='block_1_1' title="bbox 1485 527 1594 587">
    <p class='ocr_par' dir='ltr' id='par_1_1' title="bbox 1485 527 1594 587">
     <span class='ocr_line' id='line_1_1' title="bbox 1485 527 1594 587; baseline 0 -2"><span class='ocrx_word' id='word_1_1' title='bbox 1485 527 1542 587; x_wconf 74' lang='lat'>¹15</span> <span class='ocrx_word' id='word_1_2' title='bbox 1591 558 1594 561; x_wconf 75' lang='lat'>,</span> 
     </span>
    </p>
   </div>
   <div class='ocr_carea' id='block_1_2' title="bbox 376 640 1579 949">
    <p class='ocr_par' dir='ltr' id='par_1_2' title="bbox 376 640 1579 949">
     <span class='ocr_line' id='line_1_2' title="bbox 379 640 1579 723; baseline -0.008 -14"><span class='ocrx_word' id='word_1_3' title='bbox 379 652 476 709; x_wconf 74' lang='lat' dir='ltr'>mnne</span> <span class='ocrx_word' id='word_1_4' title='bbox 494 646 597 709; x_wconf 82' lang='lat' dir='ltr'>debent</span> <span class='ocrx_word' id='word_1_5' title='bbox 606 663 667 709; x_wconf 86' lang='lat' dir='ltr'>esse</span> <span class='ocrx_word' id='word_1_6' title='bbox 677 645 886 723; x_wconf 87' lang='lat' dir='ltr'>imperatores?</span> <span class='ocrx_word' id='word_1_7' title='bbox 900 646 1012 722; x_wconf 73' lang='grc'><strong>000010</strong></span> <span class='ocrx_word' id='word_1_8' title='bbox 1026 640 1174 704; x_wconf 79' lang='lat' dir='ltr'>deindain</span> <span class='ocrx_word' id='word_1_9' title='bbox 1184 641 1268 704; x_wconf 79' lang='lat' dir='ltr'>relius</span> <span class='ocrx_word' id='word_1_10' title='bbox 1279 641 1410 702; x_wconf 70' lang='lat' dir='ltr'>omnim</span> <span class='ocrx_word' id='word_1_11' title='bbox 1419 644 1579 717; x_wconf 86' lang='lat' dir='ltr'>temperan-</span> 
     </span>
     <span class='ocr_line' id='line_1_3' title="bbox 376 719 1579 805; baseline -0.009 -19"><span class='ocrx_word' id='word_1_12' title='bbox 376 731 421 788; x_wconf 83' lang='lat' dir='ltr'>tie</span> <span class='ocrx_word' id='word_1_13' title='bbox 431 726 652 805; x_wconf 78' lang='lat' dir='ltr'>iquontafide?</span> <span class='ocrx_word' id='word_1_14' title='bbox 664 729 777 801; x_wconf 73' lang='lat' dir='ltr'>omnia</span> <span class='ocrx_word' id='word_1_15' title='bbox 785 723 952 801; x_wconf 81' lang='lat' dir='ltr'>soeititate?</span> <span class='ocrx_word' id='word_1_16' title='bbox 960 728 1069 804; x_wconf 75' lang='grc'><strong>000010</strong></span> <span class='ocrx_word' id='word_1_17' title='bbox 1082 721 1218 801; x_wconf 80' lang='lat' dir='ltr'>inperio?</span> <span class='ocrx_word' id='word_1_18' title='bbox 1233 727 1343 801; x_wconf 74' lang='lat' dir='ltr'>querna</span> <span class='ocrx_word' id='word_1_19' title='bbox 1354 719 1579 783; x_wconf 77' lang='lat' dir='ltr'>inmanitatein</span> 
     </span>
     <span class='ocr_line' id='line_1_4' title="bbox 458 798 1066 885; baseline -0.013 -16"><span class='ocrx_word' id='word_1_20' title='bbox 458 809 518 869; x_wconf 82' lang='lat' dir='ltr'>Pro</span> <span class='ocrx_word' id='word_1_21' title='bbox 530 807 652 867; x_wconf 80' lang='lat' dir='ltr'>Aratio:</span> <span class='ocrx_word' id='word_1_22' title='bbox 668 806 755 867; x_wconf 86' lang='lat' dir='ltr'>Hunc</span> <span class='ocrx_word' id='word_1_23' title='bbox 775 821 831 885; x_wconf 89' lang='lat' dir='ltr'>ego</span> <span class='ocrx_word' id='word_1_24' title='bbox 842 821 904 866; x_wconf 93' lang='lat' dir='ltr'>non</span> <span class='ocrx_word' id='word_1_25' title='bbox 918 798 1066 882; x_wconf 78' lang='lat' dir='ltr'>diligam?</span> 
     </span>
     <span class='ocr_line' id='line_1_5' title="bbox 461 875 1208 949; baseline -0.013 0"><span class='ocrx_word' id='word_1_26' title='bbox 461 888 529 949; x_wconf 93' lang='lat' dir='ltr'>Non</span> <span class='ocrx_word' id='word_1_27' title='bbox 542 882 697 948; x_wconf 79' lang='lat' dir='ltr'><strong>admirer?</strong></span> <span class='ocrx_word' id='word_1_28' title='bbox 713 884 781 946; x_wconf 91' lang='lat' dir='ltr'>Non</span> <span class='ocrx_word' id='word_1_29' title='bbox 799 883 884 946; x_wconf 88' lang='lat' dir='ltr'>omni</span> <span class='ocrx_word' id='word_1_30' title='bbox 898 881 1015 946; x_wconf 90' lang='lat' dir='ltr'>ratione</span> <span class='ocrx_word' id='word_1_31' title='bbox 1028 875 1208 944; x_wconf 78' lang='lat' dir='ltr'>defendam?</span> 
     </span>
    </p>
   </div>
   <div class='ocr_carea' id='block_1_3' title="bbox 420 961 1582 1041">
    <p class='ocr_par' dir='ltr' id='par_1_3' title="bbox 420 961 1582 1041">
     <span class='ocr_line' id='line_1_6' title="bbox 420 961 1582 1041; baseline -0.001 -12"><span class='ocrx_word' id='word_1_32' title='bbox 420 968 564 1029; x_wconf 70' lang='lat' dir='ltr'><em>Similiter</em></span> <span class='ocrx_word' id='word_1_33' title='bbox 580 965 715 1028; x_wconf 83' lang='lat' dir='ltr'>desinens</span> <span class='ocrx_word' id='word_1_34' title='bbox 728 969 770 1025; x_wconf 86' lang='lat' dir='ltr'>est</span> <span class='ocrx_word' id='word_1_35' title='bbox 785 982 849 1026; x_wconf 83' lang='lat' dir='ltr'>enm</span> <span class='ocrx_word' id='word_1_36' title='bbox 858 969 966 1041; x_wconf 85' lang='lat' dir='ltr'>ineisa,</span> <span class='ocrx_word' id='word_1_37' title='bbox 981 967 1033 1023; x_wconf 89' lang='lat' dir='ltr'>aut</span> <span class='ocrx_word' id='word_1_38' title='bbox 1046 961 1175 1023; x_wconf 79' lang='lat' dir='ltr'>membra</span> <span class='ocrx_word' id='word_1_39' title='bbox 1187 961 1512 1027; x_wconf 65' lang='lat' dir='ltr'>ornamentum</span> <span class='ocrx_word' id='word_1_40' title='bbox 1524 969 1582 1028; x_wconf 87' lang='lat' dir='ltr'>ter·</span> 
     </span>
    </p>
   </div>
   <div class='ocr_carea' id='block_1_4' title="bbox 315 1052 1578 2322">
    <p class='ocr_par' dir='ltr' id='par_1_4' title="bbox 378 1052 1298 1366">
     <span class='ocr_line' id='line_1_7' title="bbox 378 1052 543 1109; baseline -0.006 -3"><span class='ocrx_word' id='word_1_41' title='bbox 378 1052 543 1109; x_wconf 85' lang='lat' dir='ltr'>minantur:</span> 
     </span>
     <span class='ocr_line' id='line_1_8' title="bbox 458 1121 1204 1202; baseline -0.001 -15"><span class='ocrx_word' id='word_1_42' title='bbox 458 1125 587 1189; x_wconf 86' lang='lat' dir='ltr'>Talibus</span> <span class='ocrx_word' id='word_1_43' title='bbox 601 1126 717 1188; x_wconf 80' lang='lat' dir='ltr'>Aeneas</span> <span class='ocrx_word' id='word_1_44' title='bbox 731 1121 902 1202; x_wconf 77' lang='lat' dir='ltr'>ardentem,</span> <span class='ocrx_word' id='word_1_45' title='bbox 917 1127 947 1185; x_wconf 90' lang='lat' dir='ltr'>et</span> <span class='ocrx_word' id='word_1_46' title='bbox 961 1127 1043 1186; x_wconf 85' lang='lat' dir='ltr'>torva</span> <span class='ocrx_word' id='word_1_47' title='bbox 1057 1125 1204 1186; x_wconf 86' lang='lat' dir='ltr'>tuentem.</span> 
     </span>
     <span class='ocr_line' id='line_1_9' title="bbox 462 1202 1219 1287; baseline -0.007 -20"><span class='ocrx_word' id='word_1_48' title='bbox 462 1206 608 1269; x_wconf 74' lang='lat' dir='ltr'>Hortatur</span> <span class='ocrx_word' id='word_1_49' title='bbox 624 1213 710 1287; x_wconf 88' lang='lat' dir='ltr'>pater</span> <span class='ocrx_word' id='word_1_50' title='bbox 725 1205 769 1267; x_wconf 90' lang='lat' dir='ltr'>ire</span> <span class='ocrx_word' id='word_1_51' title='bbox 782 1203 873 1280; x_wconf 84' lang='lat' dir='ltr'>mari,</span> <span class='ocrx_word' id='word_1_52' title='bbox 887 1202 1074 1283; x_wconf 85' lang='lat' dir='ltr'>veniamque</span> <span class='ocrx_word' id='word_1_53' title='bbox 1088 1204 1219 1281; x_wconf 83' lang='lat' dir='ltr'>precari.</span> 
     </span>
     <span class='ocr_line' id='line_1_10' title="bbox 460 1279 1298 1366; baseline -0.004 -18"><span class='ocrx_word' id='word_1_54' title='bbox 460 1287 524 1349; x_wconf 91' lang='lat' dir='ltr'>Neo</span> <span class='ocrx_word' id='word_1_55' title='bbox 536 1287 624 1366; x_wconf 85' lang='lat' dir='ltr'>prius</span> <span class='ocrx_word' id='word_1_56' title='bbox 638 1284 806 1348; x_wconf 88' lang='lat' dir='ltr'>admissam</span> <span class='ocrx_word' id='word_1_57' title='bbox 821 1282 951 1363; x_wconf 79' lang='lat' dir='ltr'>respexi,</span> <span class='ocrx_word' id='word_1_58' title='bbox 968 1285 1169 1360; x_wconf 87' lang='lat' dir='ltr'>animumque</span> <span class='ocrx_word' id='word_1_59' title='bbox 1183 1279 1298 1349; x_wconf 79' lang='lat' dir='ltr'>ressenl.</span> 
     </span>
    </p>

    <p class='ocr_par' dir='ltr' id='par_1_5' title="bbox 377 1363 1576 1527">
     <span class='ocr_line' id='line_1_11' title="bbox 420 1363 1576 1443; baseline -0.005 -12"><span class='ocrx_word' id='word_1_60' title='bbox 420 1370 480 1431; x_wconf 81' lang='lat' dir='ltr'>Pro</span> <span class='ocrx_word' id='word_1_61' title='bbox 494 1368 622 1429; x_wconf 80' lang='lat' dir='ltr'>illiterae:</span> <span class='ocrx_word' id='word_1_62' title='bbox 638 1367 708 1426; x_wconf 87' lang='lat' dir='ltr'>Non</span> <span class='ocrx_word' id='word_1_63' title='bbox 721 1363 806 1424; x_wconf 83' lang='lat' dir='ltr'>modo</span> <span class='ocrx_word' id='word_1_64' title='bbox 819 1364 860 1424; x_wconf 84' lang='lat' dir='ltr'>ad</span> <span class='ocrx_word' id='word_1_65' title='bbox 880 1364 1007 1426; x_wconf 81' lang='lat' dir='ltr'>satutem</span> <span class='ocrx_word' id='word_1_66' title='bbox 1020 1368 1084 1424; x_wconf 81' lang='lat' dir='ltr'>eius</span> <span class='ocrx_word' id='word_1_67' title='bbox 1103 1367 1358 1443; x_wconf 78' lang='lat' dir='ltr'>eettnpnendom,</span> <span class='ocrx_word' id='word_1_68' title='bbox 1378 1367 1432 1428; x_wconf 85' lang='lat' dir='ltr'>sed</span> <span class='ocrx_word' id='word_1_69' title='bbox 1445 1365 1576 1442; x_wconf 79' lang='lat' dir='ltr'>pieriam</span> 
     </span>
     <span class='ocr_line' id='line_1_12' title="bbox 377 1447 833 1527; baseline -0.022 -17"><span class='ocrx_word' id='word_1_70' title='bbox 377 1466 434 1527; x_wconf 88' lang='lat' dir='ltr'>per·</span> <span class='ocrx_word' id='word_1_71' title='bbox 448 1447 523 1508; x_wconf 83' lang='lat' dir='ltr'>teies</span> <span class='ocrx_word' id='word_1_72' title='bbox 537 1451 616 1507; x_wconf 85' lang='lat' dir='ltr'>viros</span> <span class='ocrx_word' id='word_1_73' title='bbox 631 1447 833 1523; x_wconf 72' lang='lat' dir='ltr'>infligendam.</span> 
     </span>
    </p>

    <p class='ocr_par' dir='ltr' id='par_1_6' title="bbox 377 1523 1578 1762">
     <span class='ocr_line' id='line_1_13' title="bbox 418 1523 1578 1603; baseline -0.003 -14"><span class='ocrx_word' id='word_1_74' title='bbox 418 1526 611 1589; x_wconf 83' lang='lat' dir='ltr'>Mernbrornrn</span> <span class='ocrx_word' id='word_1_75' title='bbox 620 1530 742 1602; x_wconf 86' lang='lat' dir='ltr'>paritas</span> <span class='ocrx_word' id='word_1_76' title='bbox 757 1528 878 1598; x_wconf 67' lang='lat' dir='ltr'>eripere</span> <span class='ocrx_word' id='word_1_77' title='bbox 888 1523 1241 1603; x_wconf 80' lang='lat' dir='ltr'>memdraorutionispari</span> <span class='ocrx_word' id='word_1_78' title='bbox 1248 1543 1385 1588; x_wconf 79' lang='lat' dir='ltr'>mensore</span> <span class='ocrx_word' id='word_1_79' title='bbox 1398 1525 1578 1603; x_wconf 76' lang='lat' dir='ltr'>sanciantur.</span> 
     </span>
     <span class='ocr_line' id='line_1_14' title="bbox 380 1602 1578 1686; baseline -0.005 -14"><span class='ocrx_word' id='word_1_80' title='bbox 380 1613 480 1672; x_wconf 84' lang='lat' dir='ltr'>Cicero</span> <span class='ocrx_word' id='word_1_81' title='bbox 492 1607 620 1684; x_wconf 72' lang='lat' dir='ltr'>protege</span> <span class='ocrx_word' id='word_1_82' title='bbox 633 1605 775 1665; x_wconf 84' lang='lat' dir='ltr'>Manilia:</span> <span class='ocrx_word' id='word_1_83' title='bbox 800 1625 815 1660; x_wconf 84' lang='lat' dir='ltr'>a</span> <span class='ocrx_word' id='word_1_84' title='bbox 837 1602 960 1664; x_wconf 82' lang='lat' dir='ltr'>Tantam</span> <span class='ocrx_word' id='word_1_85' title='bbox 982 1603 1088 1664; x_wconf 85' lang='lat' dir='ltr'>delium</span> <span class='ocrx_word' id='word_1_86' title='bbox 1109 1612 1245 1674; x_wconf 70' lang='lat' dir='ltr'>astream</span> <span class='ocrx_word' id='word_1_87' title='bbox 1273 1608 1373 1686; x_wconf 78' lang='lat' dir='ltr'>liperne</span> <span class='ocrx_word' id='word_1_88' title='bbox 1393 1610 1554 1684; x_wconf 78' lang='lat' dir='ltr'>apparavit</span> <span class='ocrx_word' id='word_1_89' title='bbox 1564 1627 1578 1677; x_wconf 90' lang='lat'>,·</span> 
     </span>
     <span class='ocr_line' id='line_1_15' title="bbox 377 1681 1540 1762; baseline -0.009 -14"><span class='ocrx_word' id='word_1_90' title='bbox 377 1692 495 1748; x_wconf 85' lang='lat' dir='ltr'>ineante</span> <span class='ocrx_word' id='word_1_91' title='bbox 506 1705 572 1747; x_wconf 86' lang='lat' dir='ltr'>vere</span> <span class='ocrx_word' id='word_1_92' title='bbox 584 1689 725 1762; x_wconf 82' lang='lat' dir='ltr'>suscepit;</span> <span class='ocrx_word' id='word_1_93' title='bbox 739 1686 837 1745; x_wconf 78' lang='grc'><strong>(00(110</strong></span> <span class='ocrx_word' id='word_1_94' title='bbox 849 1689 955 1744; x_wconf 84' lang='lat' dir='ltr'>aestate</span> <span class='ocrx_word' id='word_1_95' title='bbox 968 1681 1106 1758; x_wconf 81' lang='lat' dir='ltr'>confecit.</span> <span class='ocrx_word' id='word_1_96' title='bbox 1123 1707 1139 1741; x_wconf 84' lang='lat' dir='ltr'>n</span> <span class='ocrx_word' id='word_1_97' title='bbox 1534 1704 1540 1714; x_wconf 81' lang='lat'>·</span> 
     </span>
    </p>

    <p class='ocr_par' dir='ltr' id='par_1_7' title="bbox 315 1763 1577 2322">
     <span class='ocr_line' id='line_1_16' title="bbox 416 1763 1577 1842; baseline 0.002 -15"><span class='ocrx_word' id='word_1_98' title='bbox 416 1768 573 1827; x_wconf 80' lang='lat' dir='ltr'>Eiusmodi</span> <span class='ocrx_word' id='word_1_99' title='bbox 587 1769 629 1825; x_wconf 88' lang='lat' dir='ltr'>est</span> <span class='ocrx_word' id='word_1_100' title='bbox 638 1766 816 1842; x_wconf 68' lang='lat' dir='ltr'>iporeium,</span> <span class='ocrx_word' id='word_1_101' title='bbox 832 1779 906 1840; x_wconf 84' lang='lat' dir='ltr'>quae</span> <span class='ocrx_word' id='word_1_102' title='bbox 919 1763 1073 1824; x_wconf 71' lang='lat' dir='ltr'>neruorum</span> <span class='ocrx_word' id='word_1_103' title='bbox 1088 1766 1229 1827; x_wconf 82' lang='lat' dir='ltr'>dicuntur·</span> <span class='ocrx_word' id='word_1_104' title='bbox 1241 1807 1249 1841; x_wconf 91' lang='lat'>,</span> <span class='ocrx_word' id='word_1_105' title='bbox 1261 1771 1381 1842; x_wconf 81' lang='lat' dir='ltr'>natura,</span> <span class='ocrx_word' id='word_1_106' title='bbox 1397 1771 1429 1826; x_wconf 86' lang='lat' dir='ltr'>ut</span> <span class='ocrx_word' id='word_1_107' title='bbox 1447 1768 1577 1830; x_wconf 82' lang='lat' dir='ltr'>uideatis</span> 
     </span>
     <span class='ocr_line' id='line_1_17' title="bbox 315 1842 1577 1924; baseline -0.001 -16"><span class='ocrx_word' id='word_1_108' title='bbox 315 1909 317 1917; x_wconf 80' lang='grc'><strong>,</strong></span> <span class='ocrx_word' id='word_1_109' title='bbox 379 1843 481 1908; x_wconf 64' lang='lat' dir='ltr'>aarum</span> <span class='ocrx_word' id='word_1_110' title='bbox 494 1847 651 1922; x_wconf 71' lang='lat' dir='ltr'>artificium</span> <span class='ocrx_word' id='word_1_111' title='bbox 664 1842 743 1903; x_wconf 79' lang='lat' dir='ltr'>ninii</span> <span class='ocrx_word' id='word_1_112' title='bbox 756 1843 847 1906; x_wconf 87' lang='lat' dir='ltr'>solidi</span> <span class='ocrx_word' id='word_1_113' title='bbox 859 1843 983 1920; x_wconf 82' lang='lat' dir='ltr'>trabere,</span> <span class='ocrx_word' id='word_1_114' title='bbox 1007 1849 1034 1903; x_wconf 91' lang='lat' dir='ltr'>et</span> <span class='ocrx_word' id='word_1_115' title='bbox 1044 1844 1116 1920; x_wconf 86' lang='lat' dir='ltr'>plns</span> <span class='ocrx_word' id='word_1_116' title='bbox 1129 1851 1275 1906; x_wconf 84' lang='lat' dir='ltr'>ostentare</span> <span class='ocrx_word' id='word_1_117' title='bbox 1296 1863 1384 1924; x_wconf 77' lang='lat' dir='ltr'>priam</span> <span class='ocrx_word' id='word_1_118' title='bbox 1399 1865 1471 1908; x_wconf 84' lang='lat' dir='ltr'>esse.</span> <span class='ocrx_word' id='word_1_119' title='bbox 1490 1847 1577 1907; x_wconf 67' lang='lat' dir='ltr'>Deles</span> 
     </span>
     <span class='ocr_line' id='line_1_18' title="bbox 376 1923 1575 2005; baseline 0 -19"><span class='ocrx_word' id='word_1_120' title='bbox 376 1931 456 1987; x_wconf 69' lang='lat' dir='ltr'>dant</span> <span class='ocrx_word' id='word_1_121' title='bbox 470 1929 605 2002; x_wconf 73' lang='lat' dir='ltr'>quidem,</span> <span class='ocrx_word' id='word_1_122' title='bbox 627 1925 680 1985; x_wconf 83' lang='lat' dir='ltr'>seri</span> <span class='ocrx_word' id='word_1_123' title='bbox 694 1923 807 1983; x_wconf 85' lang='lat' dir='ltr'>nntium</span> <span class='ocrx_word' id='word_1_124' title='bbox 817 1929 850 1984; x_wconf 88' lang='lat' dir='ltr'>in</span> <span class='ocrx_word' id='word_1_125' title='bbox 871 1923 956 1983; x_wconf 80' lang='lat' dir='ltr'>redas</span> <span class='ocrx_word' id='word_1_126' title='bbox 972 1941 1078 2001; x_wconf 82' lang='lat' dir='ltr'>operae</span> <span class='ocrx_word' id='word_1_127' title='bbox 1092 1930 1224 2000; x_wconf 84' lang='lat' dir='ltr'>pretinm</span> <span class='ocrx_word' id='word_1_128' title='bbox 1236 1924 1365 2001; x_wconf 77' lang='lat' dir='ltr'>sociant.</span> <span class='ocrx_word' id='word_1_129' title='bbox 1387 1926 1425 1986; x_wconf 90' lang='lat' dir='ltr'>In</span> <span class='ocrx_word' id='word_1_130' title='bbox 1433 1933 1575 2005; x_wconf 83' lang='lat' dir='ltr'>promptu</span> 
     </span>
     <span class='ocr_line' id='line_1_19' title="bbox 375 2005 1577 2083; baseline -0.002 -17"><span class='ocrx_word' id='word_1_131' title='bbox 375 2011 455 2082; x_wconf 83' lang='lat' dir='ltr'>sunt,</span> <span class='ocrx_word' id='word_1_132' title='bbox 471 2010 497 2065; x_wconf 91' lang='lat' dir='ltr'>et</span> <span class='ocrx_word' id='word_1_133' title='bbox 510 2011 652 2082; x_wconf 85' lang='lat' dir='ltr'>opertae,·</span> <span class='ocrx_word' id='word_1_134' title='bbox 669 2009 849 2080; x_wconf 79' lang='lat' dir='ltr'>quapropter·</span> <span class='ocrx_word' id='word_1_135' title='bbox 863 2005 1037 2064; x_wconf 72' lang='grc'><strong>(1101001001</strong></span> <span class='ocrx_word' id='word_1_136' title='bbox 1051 2025 1070 2064; x_wconf 88' lang='lat' dir='ltr'>a</span> <span class='ocrx_word' id='word_1_137' title='bbox 1084 2005 1169 2067; x_wconf 79' lang='lat' dir='ltr'>relius</span> <span class='ocrx_word' id='word_1_138' title='bbox 1183 2010 1277 2082; x_wconf 79' lang='lat' dir='ltr'>inopis</span> <span class='ocrx_word' id='word_1_139' title='bbox 1292 2011 1441 2068; x_wconf 77' lang='lat' dir='ltr'>auditores</span> <span class='ocrx_word' id='word_1_140' title='bbox 1455 2048 1463 2073; x_wconf 85' lang='lat'>‚</span> <span class='ocrx_word' id='word_1_141' title='bbox 1486 2023 1577 2083; x_wconf 72' lang='lat' dir='ltr'>qnam</span> 
     </span>
     <span class='ocr_line' id='line_1_20' title="bbox 375 2083 1575 2164; baseline 0.001 -19"><span class='ocrx_word' id='word_1_142' title='bbox 375 2090 482 2156; x_wconf 63' lang='lat' dir='ltr'>tenent·</span> <span class='ocrx_word' id='word_1_143' title='bbox 497 2089 525 2144; x_wconf 90' lang='lat' dir='ltr'>et</span> <span class='ocrx_word' id='word_1_144' title='bbox 539 2090 610 2162; x_wconf 81' lang='lat' dir='ltr'>puio</span> <span class='ocrx_word' id='word_1_145' title='bbox 623 2088 690 2145; x_wconf 85' lang='lat' dir='ltr'>sani</span> <span class='ocrx_word' id='word_1_146' title='bbox 704 2083 813 2154; x_wconf 80' lang='lat' dir='ltr'>odaiae,</span> <span class='ocrx_word' id='word_1_147' title='bbox 828 2083 962 2144; x_wconf 83' lang='lat' dir='ltr'>indicant</span> <span class='ocrx_word' id='word_1_148' title='bbox 976 2084 1183 2162; x_wconf 80' lang='lat' dir='ltr'>artifieiunr,et</span> <span class='ocrx_word' id='word_1_149' title='bbox 1194 2085 1266 2161; x_wconf 77' lang='lat' dir='ltr'>fidei</span> <span class='ocrx_word' id='word_1_150' title='bbox 1280 2086 1432 2164; x_wconf 81' lang='lat' dir='ltr'>derepent.</span> <span class='ocrx_word' id='word_1_151' title='bbox 1449 2085 1527 2148; x_wconf 83' lang='lat' dir='ltr'>Hine</span> <span class='ocrx_word' id='word_1_152' title='bbox 1541 2093 1575 2147; x_wconf 90' lang='lat' dir='ltr'>in</span> 
     </span>
     <span class='ocr_line' id='line_1_21' title="bbox 374 2165 1577 2242; baseline 0.001 -16"><span class='ocrx_word' id='word_1_153' title='bbox 374 2165 535 2226; x_wconf 82' lang='lat' dir='ltr'>maioribus</span> <span class='ocrx_word' id='word_1_154' title='bbox 548 2169 648 2226; x_wconf 83' lang='lat' dir='ltr'>censis</span> <span class='ocrx_word' id='word_1_155' title='bbox 657 2181 818 2242; x_wconf 79' lang='lat' dir='ltr'>perperene</span> <span class='ocrx_word' id='word_1_156' title='bbox 833 2181 934 2223; x_wconf 81' lang='lat' dir='ltr'>aarum</span> <span class='ocrx_word' id='word_1_157' title='bbox 948 2168 989 2224; x_wconf 83' lang='lat' dir='ltr'>sit</span> <span class='ocrx_word' id='word_1_158' title='bbox 1001 2181 1088 2234; x_wconf 69' lang='lat' dir='ltr'>nsusr</span> <span class='ocrx_word' id='word_1_159' title='bbox 1109 2171 1141 2225; x_wconf 85' lang='lat' dir='ltr'>ui</span> <span class='ocrx_word' id='word_1_160' title='bbox 1155 2165 1207 2225; x_wconf 82' lang='lat' dir='ltr'>ndi</span> <span class='ocrx_word' id='word_1_161' title='bbox 1227 2171 1322 2226; x_wconf 84' lang='lat' dir='ltr'>oratio</span> <span class='ocrx_word' id='word_1_162' title='bbox 1346 2171 1512 2229; x_wconf 79' lang='lat' dir='ltr'>instituitur</span> <span class='ocrx_word' id='word_1_163' title='bbox 1533 2169 1577 2227; x_wconf 86' lang='lat' dir='ltr'>ad</span> 
     </span>
     <span class='ocr_line' id='line_1_22' title="bbox 376 2243 1389 2322; baseline 0.002 -16"><span class='ocrx_word' id='word_1_164' title='bbox 376 2247 608 2322; x_wconf 78' lang='lat' dir='ltr'>detentationem,</span> <span class='ocrx_word' id='word_1_165' title='bbox 623 2250 655 2304; x_wconf 84' lang='lat' dir='ltr'>nt</span> <span class='ocrx_word' id='word_1_166' title='bbox 667 2250 701 2304; x_wconf 90' lang='lat' dir='ltr'>in</span> <span class='ocrx_word' id='word_1_167' title='bbox 713 2243 970 2322; x_wconf 71' lang='lat' dir='ltr'>damnationibus,</span> <span class='ocrx_word' id='word_1_168' title='bbox 984 2250 1078 2304; x_wconf 86' lang='lat' dir='ltr'>maior</span> <span class='ocrx_word' id='word_1_169' title='bbox 1091 2263 1190 2305; x_wconf 84' lang='lat' dir='ltr'>earum</span> <span class='ocrx_word' id='word_1_170' title='bbox 1202 2245 1323 2307; x_wconf 84' lang='lat' dir='ltr'>lieentia</span> <span class='ocrx_word' id='word_1_171' title='bbox 1334 2251 1389 2308; x_wconf 85' lang='lat' dir='ltr'>est.</span> 
     </span>
    </p>
   </div>
   <div class='ocr_carea' id='block_1_5' title="bbox 745 2421 1202 2473">
    <p class='ocr_par' dir='ltr' id='par_1_8' title="bbox 745 2421 1202 2473">
     <span class='ocr_line' id='line_1_23' title="bbox 745 2421 1202 2473; baseline 0.002 -2"><span class='ocrx_word' id='word_1_172' title='bbox 745 2424 788 2471; x_wconf 80' lang='lat' dir='ltr'>DE</span> <span class='ocrx_word' id='word_1_173' title='bbox 810 2421 1202 2473; x_wconf 69' lang='lat' dir='ltr'>studuissenrssnrlanun.</span> 
     </span>
    </p>
   </div>
   <div class='ocr_carea' id='block_1_6' title="bbox 375 2556 1579 2723">
    <p class='ocr_par' dir='ltr' id='par_1_9' title="bbox 375 2556 1579 2723">
     <span class='ocr_line' id='line_1_24' title="bbox 415 2556 1578 2642; baseline 0.005 -20"><span class='ocrx_word' id='word_1_174' title='bbox 415 2560 496 2622; x_wconf 82' lang='lat' dir='ltr'>Haeo</span> <span class='ocrx_word' id='word_1_175' title='bbox 509 2561 575 2640; x_wconf 79' lang='lat' dir='ltr'>sunt</span> <span class='ocrx_word' id='word_1_176' title='bbox 589 2556 644 2618; x_wconf 89' lang='lat' dir='ltr'>itlo</span> <span class='ocrx_word' id='word_1_177' title='bbox 658 2561 800 2619; x_wconf 84' lang='lat' dir='ltr'>orationis</span> <span class='ocrx_word' id='word_1_178' title='bbox 814 2557 939 2632; x_wconf 75' lang='lat' dir='ltr'>terune,</span> <span class='ocrx_word' id='word_1_179' title='bbox 954 2557 1062 2635; x_wconf 83' lang='lat' dir='ltr'>quibus</span> <span class='ocrx_word' id='word_1_180' title='bbox 1072 2575 1131 2618; x_wconf 91' lang='lat' dir='ltr'>non</span> <span class='ocrx_word' id='word_1_181' title='bbox 1141 2562 1200 2618; x_wconf 87' lang='lat' dir='ltr'>tam</span> <span class='ocrx_word' id='word_1_182' title='bbox 1214 2578 1339 2642; x_wconf 83' lang='lat' dir='ltr'>corpas,</span> <span class='ocrx_word' id='word_1_183' title='bbox 1353 2582 1444 2642; x_wconf 79' lang='lat' dir='ltr'>qaam</span> <span class='ocrx_word' id='word_1_184' title='bbox 1456 2571 1578 2629; x_wconf 69' lang='lat' dir='ltr'>animm</span> 
     </span>
     <span class='ocr_line' id='line_1_25' title="bbox 375 2639 1579 2723; baseline 0.005 -22"><span class='ocrx_word' id='word_1_185' title='bbox 375 2640 559 2718; x_wconf 73' lang='lat' dir='ltr'>eloquentiae</span> <span class='ocrx_word' id='word_1_186' title='bbox 573 2639 792 2716; x_wconf 76' lang='lat' dir='ltr'>distinpnitnr3</span> <span class='ocrx_word' id='word_1_187' title='bbox 808 2654 884 2714; x_wconf 84' lang='lat' dir='ltr'>quae</span> <span class='ocrx_word' id='word_1_188' title='bbox 896 2654 956 2698; x_wconf 87' lang='lat' dir='ltr'>non</span> <span class='ocrx_word' id='word_1_189' title='bbox 970 2654 1080 2712; x_wconf 84' lang='lat' dir='ltr'>aureo,</span> <span class='ocrx_word' id='word_1_190' title='bbox 1103 2639 1156 2699; x_wconf 84' lang='lat' dir='ltr'>sed</span> <span class='ocrx_word' id='word_1_191' title='bbox 1168 2640 1277 2703; x_wconf 83' lang='lat' dir='ltr'>rnen&#39;tes</span> <span class='ocrx_word' id='word_1_192' title='bbox 1291 2650 1447 2723; x_wconf 80' lang='lat' dir='ltr'>occupant,</span> <span class='ocrx_word' id='word_1_193' title='bbox 1469 2648 1498 2708; x_wconf 88' lang='lat' dir='ltr'>et</span> <span class='ocrx_word' id='word_1_194' title='bbox 1511 2665 1579 2707; x_wconf 84' lang='lat' dir='ltr'>enm</span> 
     </span>
    </p>
   </div>
   <div class='ocr_carea' id='block_1_7' title="bbox 375 2716 1602 2805">
    <p class='ocr_par' dir='ltr' id='par_1_10' title="bbox 375 2716 1602 2805">
     <span class='ocr_line' id='line_1_26' title="bbox 375 2716 1602 2805; baseline 0.007 -25"><span class='ocrx_word' id='word_1_195' title='bbox 375 2736 512 2798; x_wconf 69' lang='lat' dir='ltr'>moenam</span> <span class='ocrx_word' id='word_1_196' title='bbox 525 2723 558 2779; x_wconf 91' lang='lat' dir='ltr'>in</span> <span class='ocrx_word' id='word_1_197' title='bbox 570 2736 600 2778; x_wconf 82' lang='lat' dir='ltr'>se</span> <span class='ocrx_word' id='word_1_198' title='bbox 614 2725 704 2778; x_wconf 83' lang='lat' dir='ltr'>artene</span> <span class='ocrx_word' id='word_1_199' title='bbox 719 2721 895 2793; x_wconf 77' lang='lat' dir='ltr'>contineant,</span> <span class='ocrx_word' id='word_1_200' title='bbox 911 2716 999 2777; x_wconf 84' lang='lat' dir='ltr'>nuile</span> <span class='ocrx_word' id='word_1_201' title='bbox 1013 2719 1145 2796; x_wconf 86' lang='lat' dir='ltr'>indipent</span> <span class='ocrx_word' id='word_1_202' title='bbox 1159 2723 1265 2782; x_wconf 88' lang='lat' dir='ltr'>temen.</span> <span class='ocrx_word' id='word_1_203' title='bbox 1282 2722 1320 2782; x_wconf 90' lang='lat' dir='ltr'>In</span> <span class='ocrx_word' id='word_1_204' title='bbox 1336 2725 1382 2786; x_wconf 79' lang='lat' dir='ltr'>ta</span> <span class='ocrx_word' id='word_1_205' title='bbox 1395 2725 1446 2805; x_wconf 69' lang='lat' dir='ltr'>for</span> <span class='ocrx_word' id='word_1_206' title='bbox 1458 2733 1513 2787; x_wconf 78' lang='lat' dir='ltr'>mir</span> <span class='ocrx_word' id='word_1_207' title='bbox 1523 2746 1583 2788; x_wconf 87' lang='lat' dir='ltr'>orn·</span> <span class='ocrx_word' id='word_1_208' title='bbox 1600 2734 1602 2738; x_wconf 82' lang='lat'>&#39;</span> 
     </span>
    </p>
   </div>
   <div class='ocr_carea' id='block_1_8' title="bbox 372 2801 1584 2973">
    <p class='ocr_par' dir='ltr' id='par_1_11' title="bbox 372 2801 1584 2973">
     <span class='ocr_line' id='line_1_27' title="bbox 375 2801 1584 2887; baseline 0.008 -28"><span class='ocrx_word' id='word_1_209' title='bbox 375 2816 428 2860; x_wconf 85' lang='lat' dir='ltr'>nes</span> <span class='ocrx_word' id='word_1_210' title='bbox 442 2804 546 2874; x_wconf 83' lang='lat' dir='ltr'>artas,</span> <span class='ocrx_word' id='word_1_211' title='bbox 566 2803 592 2857; x_wconf 90' lang='lat' dir='ltr'>et</span> <span class='ocrx_word' id='word_1_212' title='bbox 606 2803 686 2858; x_wconf 84' lang='lat' dir='ltr'>vires</span> <span class='ocrx_word' id='word_1_213' title='bbox 700 2801 845 2857; x_wconf 86' lang='lat' dir='ltr'>orationis</span> <span class='ocrx_word' id='word_1_214' title='bbox 860 2815 893 2856; x_wconf 84' lang='lat' dir='ltr'>eo</span> <span class='ocrx_word' id='word_1_215' title='bbox 908 2801 1055 2858; x_wconf 82' lang='lat' dir='ltr'>asisinat.-</span> <span class='ocrx_word' id='word_1_216' title='bbox 1070 2805 1136 2860; x_wconf 84' lang='lat' dir='ltr'>sent</span> <span class='ocrx_word' id='word_1_217' title='bbox 1148 2806 1225 2861; x_wconf 88' lang='lat' dir='ltr'>enirn</span> <span class='ocrx_word' id='word_1_218' title='bbox 1233 2803 1375 2866; x_wconf 81' lang='lat' dir='ltr'>illustres</span> <span class='ocrx_word' id='word_1_219' title='bbox 1391 2809 1584 2887; x_wconf 76' lang='lat' dir='ltr'>concipiendi</span> 
     </span>
     <span class='ocr_line' id='line_1_28' title="bbox 372 2876 1147 2973; baseline -0.001 -35"><span class='ocrx_word' id='word_1_220' title='bbox 372 2879 501 2957; x_wconf 65' lang='lat' dir='ltr'>liparae,</span> <span class='ocrx_word' id='word_1_221' title='bbox 510 2880 589 2940; x_wconf 84' lang='lat' dir='ltr'>unde</span> <span class='ocrx_word' id='word_1_222' title='bbox 599 2876 712 2956; x_wconf 71' lang='lat' dir='ltr'>figurae</span> <span class='ocrx_word' id='word_1_223' title='bbox 724 2876 1147 2973; x_wconf 68' lang='lat' dir='ltr'>senoniarnmappeltantar.</span> 
     </span>
    </p>
   </div>
   <div class='ocr_carea' id='block_1_9' title="bbox 376 3121 1583 3331">
    <p class='ocr_par' dir='ltr' id='par_1_12' title="bbox 376 3121 1583 3331">
     <span class='ocr_line' id='line_1_29' title="bbox 376 3121 1578 3198; baseline 0.005 -19"><span class='ocrx_word' id='word_1_224' title='bbox 376 3122 404 3179; x_wconf 94' lang='lat' dir='ltr'>di</span> <span class='ocrx_word' id='word_1_225' title='bbox 418 3128 520 3194; x_wconf 84' lang='lat' dir='ltr'>quanta</span> <span class='ocrx_word' id='word_1_226' title='bbox 532 3122 717 3192; x_wconf 81' lang='lat' dir='ltr'>temporanea?</span> <span class='ocrx_word' id='word_1_227' title='bbox 730 3123 757 3178; x_wconf 92' lang='lat' dir='ltr'>di</span> <span class='ocrx_word' id='word_1_228' title='bbox 770 3126 870 3193; x_wconf 88' lang='lat' dir='ltr'>quanta</span> <span class='ocrx_word' id='word_1_229' title='bbox 884 3121 959 3179; x_wconf 84' lang='lat' dir='ltr'>tede?</span> <span class='ocrx_word' id='word_1_230' title='bbox 972 3123 998 3180; x_wconf 94' lang='lat' dir='ltr'>di</span> <span class='ocrx_word' id='word_1_231' title='bbox 1011 3132 1113 3194; x_wconf 82' lang='lat' dir='ltr'>quanto</span> <span class='ocrx_word' id='word_1_232' title='bbox 1125 3123 1255 3194; x_wconf 77' lang='lat' dir='ltr'>ingemo?</span> <span class='ocrx_word' id='word_1_233' title='bbox 1267 3124 1295 3181; x_wconf 92' lang='lat' dir='ltr'>di</span> <span class='ocrx_word' id='word_1_234' title='bbox 1308 3133 1410 3198; x_wconf 85' lang='lat' dir='ltr'>quanta</span> <span class='ocrx_word' id='word_1_235' title='bbox 1420 3133 1578 3191; x_wconf 77' lang='lat' dir='ltr'>umeaildi.</span> 
     </span>
     <span class='ocr_line' id='line_1_30' title="bbox 414 3195 1583 3273; baseline 0.013 -20"><span class='ocrx_word' id='word_1_236' title='bbox 414 3199 454 3254; x_wconf 88' lang='lat' dir='ltr'>La</span> <span class='ocrx_word' id='word_1_237' title='bbox 466 3198 555 3270; x_wconf 87' lang='lat' dir='ltr'>figura</span> <span class='ocrx_word' id='word_1_238' title='bbox 567 3195 641 3253; x_wconf 84' lang='lat' dir='ltr'>delle</span> <span class='ocrx_word' id='word_1_239' title='bbox 655 3195 746 3254; x_wconf 68' lang='lat' dir='ltr'>simii</span> <span class='ocrx_word' id='word_1_240' title='bbox 759 3196 912 3254; x_wconf 76' lang='lat' dir='ltr'>desinente</span> <span class='ocrx_word' id='word_1_241' title='bbox 926 3198 947 3254; x_wconf 90' lang='lat' dir='ltr'>si</span> <span class='ocrx_word' id='word_1_242' title='bbox 959 3198 1003 3273; x_wconf 89' lang='lat' dir='ltr'>ha,</span> <span class='ocrx_word' id='word_1_243' title='bbox 1011 3197 1121 3269; x_wconf 89' lang='lat' dir='ltr'>quando</span> <span class='ocrx_word' id='word_1_244' title='bbox 1130 3197 1167 3271; x_wconf 88' lang='lat' dir='ltr'>gli</span> <span class='ocrx_word' id='word_1_245' title='bbox 1178 3198 1266 3272; x_wconf 83' lang='lat' dir='ltr'>incisi,</span> <span class='ocrx_word' id='word_1_246' title='bbox 1280 3217 1296 3256; x_wconf 95' lang='grc'>0</span> <span class='ocrx_word' id='word_1_247' title='bbox 1309 3203 1443 3263; x_wconf 81' lang='lat' dir='ltr'>inemori</span> <span class='ocrx_word' id='word_1_248' title='bbox 1454 3207 1583 3267; x_wconf 78' lang='lat' dir='ltr'>dell’ore·</span> 
     </span>
     <span class='ocr_line' id='line_1_31' title="bbox 376 3272 1242 3331; baseline -0.003 -1"><span class='ocrx_word' id='word_1_249' title='bbox 376 3273 451 3330; x_wconf 89' lang='lat' dir='ltr'>zione</span> <span class='ocrx_word' id='word_1_250' title='bbox 465 3275 488 3329; x_wconf 88' lang='lat' dir='ltr'>si</span> <span class='ocrx_word' id='word_1_251' title='bbox 503 3272 637 3330; x_wconf 89' lang='lat' dir='ltr'>ehiudouo</span> <span class='ocrx_word' id='word_1_252' title='bbox 651 3273 722 3331; x_wconf 89' lang='lat' dir='ltr'>oollo</span> <span class='ocrx_word' id='word_1_253' title='bbox 736 3278 823 3329; x_wconf 85' lang='lat' dir='ltr'>stesso</span> <span class='ocrx_word' id='word_1_254' title='bbox 837 3288 933 3329; x_wconf 88' lang='lat' dir='ltr'>suono:</span> <span class='ocrx_word' id='word_1_255' title='bbox 1237 3277 1242 3288; x_wconf 86' lang='lat'>&#39;</span> 
     </span>
    </p>
   </div>
   <div class='ocr_carea' id='block_1_10' title="bbox 517 3377 1137 3446">
    <p class='ocr_par' dir='ltr' id='par_1_13' title="bbox 517 3377 1137 3446">
     <span class='ocr_line' id='line_1_32' title="bbox 517 3377 1137 3446; baseline 0.005 -18"><span class='ocrx_word' id='word_1_256' title='bbox 517 3401 529 3428; x_wconf 81' lang='grc' dir='ltr'>ι</span> <span class='ocrx_word' id='word_1_257' title='bbox 540 3378 607 3432; x_wconf 83' lang='lat' dir='ltr'>Colei</span> <span class='ocrx_word' id='word_1_258' title='bbox 618 3380 657 3433; x_wconf 85' lang='lat' dir='ltr'>oh’</span> <span class='ocrx_word' id='word_1_259' title='bbox 668 3383 681 3432; x_wconf 75' lang='lat' dir='ltr'>ie</span> <span class='ocrx_word' id='word_1_260' title='bbox 693 3379 715 3431; x_wconf 86' lang='lat' dir='ltr'>d‘</span> <span class='ocrx_word' id='word_1_261' title='bbox 724 3379 760 3432; x_wconf 82' lang='lat' dir='ltr'>ira</span> <span class='ocrx_word' id='word_1_262' title='bbox 771 3385 854 3443; x_wconf 74' lang='lat' dir='ltr'>eirea,</span> <span class='ocrx_word' id='word_1_263' title='bbox 867 3397 880 3430; x_wconf 88' lang='grc'>0</span> <span class='ocrx_word' id='word_1_264' title='bbox 891 3380 917 3432; x_wconf 84' lang='grc'>10</span> <span class='ocrx_word' id='word_1_265' title='bbox 927 3377 1018 3446; x_wconf 85' lang='lat' dir='ltr'>guarda</span> <span class='ocrx_word' id='word_1_266' title='bbox 1028 3382 1103 3434; x_wconf 82' lang='lat' dir='ltr'>diaeo</span> <span class='ocrx_word' id='word_1_267' title='bbox 1112 3401 1137 3431; x_wconf 78' lang='grc' dir='ltr'>ι.</span> 
     </span>
    </p>
   </div>
   <div class='ocr_carea' id='block_1_11' title="bbox 374 3497 1583 4261">
    <p class='ocr_par' dir='ltr' id='par_1_14' title="bbox 374 3497 1582 3726">
     <span class='ocr_line' id='line_1_33' title="bbox 414 3497 1582 3583; baseline 0.007 -25"><span class='ocrx_word' id='word_1_268' title='bbox 414 3504 452 3558; x_wconf 88' lang='lat' dir='ltr'>La</span> <span class='ocrx_word' id='word_1_269' title='bbox 465 3501 554 3573; x_wconf 85' lang='lat' dir='ltr'>figura</span> <span class='ocrx_word' id='word_1_270' title='bbox 565 3498 609 3556; x_wconf 85' lang='lat' dir='ltr'>de’</span> <span class='ocrx_word' id='word_1_271' title='bbox 619 3499 742 3557; x_wconf 83' lang='lat' dir='ltr'>membri</span> <span class='ocrx_word' id='word_1_272' title='bbox 762 3502 835 3574; x_wconf 86' lang='lat' dir='ltr'>pari</span> <span class='ocrx_word' id='word_1_273' title='bbox 848 3497 874 3569; x_wconf 78' lang='lat' dir='ltr'>d,</span> <span class='ocrx_word' id='word_1_274' title='bbox 890 3499 998 3572; x_wconf 88' lang='lat' dir='ltr'>quando</span> <span class='ocrx_word' id='word_1_275' title='bbox 1010 3499 1017 3554; x_wconf 95' lang='lat' dir='ltr'>i</span> <span class='ocrx_word' id='word_1_276' title='bbox 1031 3499 1148 3556; x_wconf 88' lang='lat' dir='ltr'>membri</span> <span class='ocrx_word' id='word_1_277' title='bbox 1168 3498 1361 3561; x_wconf 83' lang='lat' dir='ltr'>dell’oraaiono</span> <span class='ocrx_word' id='word_1_278' title='bbox 1381 3520 1448 3562; x_wconf 82' lang='lat' dir='ltr'>sono</span> <span class='ocrx_word' id='word_1_279' title='bbox 1467 3506 1493 3564; x_wconf 89' lang='lat' dir='ltr'>d’</span> <span class='ocrx_word' id='word_1_280' title='bbox 1503 3513 1582 3583; x_wconf 83' lang='lat' dir='ltr'>aguet</span> 
     </span>
     <span class='ocr_line' id='line_1_34' title="bbox 374 3575 1582 3652; baseline 0.007 -19"><span class='ocrx_word' id='word_1_281' title='bbox 374 3577 486 3636; x_wconf 76' lang='grc'><strong>(010000.</strong></span> <span class='ocrx_word' id='word_1_282' title='bbox 498 3578 628 3632; x_wconf 84' lang='lat' dir='ltr'>Cicerone</span> <span class='ocrx_word' id='word_1_283' title='bbox 641 3592 689 3647; x_wconf 88' lang='lat' dir='ltr'>per</span> <span class='ocrx_word' id='word_1_284' title='bbox 704 3575 729 3630; x_wconf 92' lang='lat' dir='ltr'>la</span> <span class='ocrx_word' id='word_1_285' title='bbox 742 3575 819 3648; x_wconf 88' lang='lat' dir='ltr'>legge</span> <span class='ocrx_word' id='word_1_286' title='bbox 833 3576 952 3631; x_wconf 85' lang='lat' dir='ltr'>Manilia:</span> <span class='ocrx_word' id='word_1_287' title='bbox 970 3597 981 3626; x_wconf 83' lang='grc'>0</span> <span class='ocrx_word' id='word_1_288' title='bbox 996 3576 1056 3631; x_wconf 81' lang='lat' dir='ltr'>cosi</span> <span class='ocrx_word' id='word_1_289' title='bbox 1075 3591 1141 3648; x_wconf 85' lang='lat' dir='ltr'>gran</span> <span class='ocrx_word' id='word_1_290' title='bbox 1161 3594 1262 3652; x_wconf 86' lang='lat' dir='ltr'>guerra</span> <span class='ocrx_word' id='word_1_291' title='bbox 1281 3579 1306 3636; x_wconf 93' lang='lat' dir='ltr'>al</span> <span class='ocrx_word' id='word_1_292' title='bbox 1325 3581 1385 3637; x_wconf 80' lang='lat' dir='ltr'>linit</span> <span class='ocrx_word' id='word_1_293' title='bbox 1403 3582 1582 3644; x_wconf 77' lang='lat' dir='ltr'>dell’inverno</span> 
     </span>
     <span class='ocr_line' id='line_1_35' title="bbox 374 3650 1577 3726; baseline 0.006 -16"><span class='ocrx_word' id='word_1_294' title='bbox 374 3653 502 3726; x_wconf 68' lang='lat' dir='ltr'>prepare,</span> <span class='ocrx_word' id='word_1_295' title='bbox 516 3652 541 3708; x_wconf 89' lang='lat' dir='ltr'>al</span> <span class='ocrx_word' id='word_1_296' title='bbox 555 3653 702 3708; x_wconf 87' lang='lat' dir='ltr'>oomiuoiar</span> <span class='ocrx_word' id='word_1_297' title='bbox 713 3650 738 3706; x_wconf 90' lang='lat' dir='ltr'>di</span> <span class='ocrx_word' id='word_1_298' title='bbox 750 3653 901 3721; x_wconf 85' lang='lat' dir='ltr'>primavera</span> <span class='ocrx_word' id='word_1_299' title='bbox 915 3651 940 3707; x_wconf 88' lang='lat' dir='ltr'>la</span> <span class='ocrx_word' id='word_1_300' title='bbox 952 3652 1098 3715; x_wconf 70' lang='lat' dir='ltr'>nominoio·</span> <span class='ocrx_word' id='word_1_301' title='bbox 1111 3669 1126 3708; x_wconf 88' lang='lat' dir='ltr'>a</span> <span class='ocrx_word' id='word_1_302' title='bbox 1140 3655 1577 3717; x_wconf 71' lang='grc' dir='ltr'><strong>(00000001100101010100001οὸ».</strong></span> 
     </span>
    </p>

    <p class='ocr_par' dir='ltr' id='par_1_15' title="bbox 374 3725 1583 4261">
     <span class='ocr_line' id='line_1_36' title="bbox 414 3725 1582 3807; baseline 0.007 -20"><span class='ocrx_word' id='word_1_303' title='bbox 414 3732 467 3787; x_wconf 89' lang='lat' dir='ltr'>Ora</span> <span class='ocrx_word' id='word_1_304' title='bbox 480 3735 616 3783; x_wconf 80' lang='lat' dir='ltr'>asservare</span> <span class='ocrx_word' id='word_1_305' title='bbox 631 3727 683 3783; x_wconf 88' lang='lat' dir='ltr'>lale</span> <span class='ocrx_word' id='word_1_306' title='bbox 696 3742 789 3782; x_wconf 87' lang='lat' dir='ltr'>essere</span> <span class='ocrx_word' id='word_1_307' title='bbox 803 3725 934 3782; x_wconf 83' lang='lat' dir='ltr'>lanatum</span> <span class='ocrx_word' id='word_1_308' title='bbox 947 3726 1018 3784; x_wconf 89' lang='grc'><strong>(10110</strong></span> <span class='ocrx_word' id='word_1_309' title='bbox 1034 3726 1130 3801; x_wconf 83' lang='lat' dir='ltr'>ligura,</span> <span class='ocrx_word' id='word_1_310' title='bbox 1146 3731 1197 3788; x_wconf 86' lang='lat' dir='ltr'>ohe</span> <span class='ocrx_word' id='word_1_311' title='bbox 1211 3729 1317 3788; x_wconf 87' lang='lat' dir='ltr'>dioousi</span> <span class='ocrx_word' id='word_1_312' title='bbox 1329 3732 1355 3789; x_wconf 93' lang='lat' dir='ltr'>di</span> <span class='ocrx_word' id='word_1_313' title='bbox 1369 3734 1479 3807; x_wconf 87' lang='lat' dir='ltr'>parole,</span> <span class='ocrx_word' id='word_1_314' title='bbox 1500 3737 1550 3792; x_wconf 86' lang='grc' dir='ltr'>01ιο</span> <span class='ocrx_word' id='word_1_315' title='bbox 1564 3738 1582 3795; x_wconf 89' lang='lat' dir='ltr'>ll</span> 
     </span>
     <span class='ocr_line' id='line_1_37' title="bbox 379 3800 1577 3872; baseline 0.008 -13"><span class='ocrx_word' id='word_1_316' title='bbox 379 3803 437 3860; x_wconf 89' lang='lat' dir='ltr'>loro</span> <span class='ocrx_word' id='word_1_317' title='bbox 452 3805 559 3859; x_wconf 78' lang='lat' dir='ltr'>artifinio</span> <span class='ocrx_word' id='word_1_318' title='bbox 573 3805 661 3859; x_wconf 85' lang='lat' dir='ltr'>alanta</span> <span class='ocrx_word' id='word_1_319' title='bbox 672 3803 707 3857; x_wconf 88' lang='lat' dir='ltr'>ha</span> <span class='ocrx_word' id='word_1_320' title='bbox 720 3802 745 3857; x_wconf 90' lang='lat' dir='ltr'>di</span> <span class='ocrx_word' id='word_1_321' title='bbox 761 3800 856 3861; x_wconf 82' lang='lat' dir='ltr'>solido,</span> <span class='ocrx_word' id='word_1_322' title='bbox 872 3817 887 3858; x_wconf 86' lang='lat' dir='ltr'>e</span> <span class='ocrx_word' id='word_1_323' title='bbox 902 3802 947 3871; x_wconf 80' lang='lat' dir='ltr'>pili</span> <span class='ocrx_word' id='word_1_324' title='bbox 962 3803 988 3858; x_wconf 92' lang='lat' dir='ltr'>di</span> <span class='ocrx_word' id='word_1_325' title='bbox 1003 3806 1577 3872; x_wconf 71' lang='grc' dir='ltr'><strong>00000000οι0(0010000100100010000.</strong></span> 
     </span>
     <span class='ocr_line' id='line_1_38' title="bbox 374 3879 1583 3950; baseline 0.008 -14"><span class='ocrx_word' id='word_1_326' title='bbox 374 3880 507 3936; x_wconf 84' lang='lat' dir='ltr'>Diletteuo</span> <span class='ocrx_word' id='word_1_327' title='bbox 517 3895 532 3934; x_wconf 95' lang='lat' dir='ltr'>a</span> <span class='ocrx_word' id='word_1_328' title='bbox 544 3895 610 3934; x_wconf 84' lang='lat' dir='ltr'>vero</span> <span class='ocrx_word' id='word_1_329' title='bbox 625 3879 692 3948; x_wconf 90' lang='lat' dir='ltr'>dire,</span> <span class='ocrx_word' id='word_1_330' title='bbox 701 3893 744 3933; x_wconf 90' lang='lat' dir='ltr'>rna</span> <span class='ocrx_word' id='word_1_331' title='bbox 756 3893 811 3933; x_wconf 92' lang='lat' dir='ltr'>non</span> <span class='ocrx_word' id='word_1_332' title='bbox 825 3891 923 3932; x_wconf 87' lang='lat' dir='ltr'>reoano</span> <span class='ocrx_word' id='word_1_333' title='bbox 933 3881 1109 3950; x_wconf 84' lang='lat' dir='ltr'>gioramento</span> <span class='ocrx_word' id='word_1_334' title='bbox 1119 3882 1169 3938; x_wconf 87' lang='lat' dir='ltr'>alle</span> <span class='ocrx_word' id='word_1_335' title='bbox 1183 3898 1257 3940; x_wconf 86' lang='lat' dir='ltr'>cose.</span> <span class='ocrx_word' id='word_1_336' title='bbox 1273 3886 1295 3941; x_wconf 89' lang='lat' dir='ltr'>E</span> <span class='ocrx_word' id='word_1_337' title='bbox 1309 3886 1430 3945; x_wconf 81' lang='lat' dir='ltr'>sioooma</span> <span class='ocrx_word' id='word_1_338' title='bbox 1444 3904 1509 3945; x_wconf 84' lang='lat' dir='ltr'>sono</span> <span class='ocrx_word' id='word_1_339' title='bbox 1523 3904 1583 3946; x_wconf 82' lang='lat' dir='ltr'>nra·</span> 
     </span>
     <span class='ocr_line' id='line_1_39' title="bbox 375 3951 1581 4031; baseline 0.009 -21"><span class='ocrx_word' id='word_1_340' title='bbox 375 3956 470 4012; x_wconf 86' lang='lat' dir='ltr'>niiesle</span> <span class='ocrx_word' id='word_1_341' title='bbox 483 3971 499 4011; x_wconf 91' lang='grc'>0</span> <span class='ocrx_word' id='word_1_342' title='bbox 512 3961 582 4011; x_wconf 87' lang='lat' dir='ltr'>tosto</span> <span class='ocrx_word' id='word_1_343' title='bbox 595 3954 759 4025; x_wconf 87' lang='lat' dir='ltr'>eolpiseono,</span> <span class='ocrx_word' id='word_1_344' title='bbox 776 3953 833 4008; x_wconf 84' lang='lat' dir='ltr'>eost</span> <span class='ocrx_word' id='word_1_345' title='bbox 847 3951 1021 4026; x_wconf 86' lang='lat' dir='ltr'>distraggono</span> <span class='ocrx_word' id='word_1_346' title='bbox 1038 3952 1106 4012; x_wconf 89' lang='lat' dir='ltr'>dalle</span> <span class='ocrx_word' id='word_1_347' title='bbox 1118 3973 1181 4014; x_wconf 85' lang='lat' dir='ltr'>ease</span> <span class='ocrx_word' id='word_1_348' title='bbox 1195 3958 1212 4013; x_wconf 80' lang='lat' dir='ltr'>l’</span> <span class='ocrx_word' id='word_1_349' title='bbox 1221 3959 1337 4031; x_wconf 82' lang='lat' dir='ltr'>odilone,</span> <span class='ocrx_word' id='word_1_350' title='bbox 1359 3978 1414 4018; x_wconf 93' lang='lat' dir='ltr'>non</span> <span class='ocrx_word' id='word_1_351' title='bbox 1436 3963 1462 4020; x_wconf 97' lang='lat' dir='ltr'>lo</span> <span class='ocrx_word' id='word_1_352' title='bbox 1484 3965 1581 4021; x_wconf 84' lang='lat' dir='ltr'>terma-</span> 
     </span>
     <span class='ocr_line' id='line_1_40' title="bbox 374 4029 1579 4110; baseline 0.008 -24"><span class='ocrx_word' id='word_1_353' title='bbox 374 4045 410 4088; x_wconf 91' lang='lat' dir='ltr'>no</span> <span class='ocrx_word' id='word_1_354' title='bbox 433 4047 449 4086; x_wconf 89' lang='lat' dir='ltr'>a</span> <span class='ocrx_word' id='word_1_355' title='bbox 472 4029 652 4087; x_wconf 81' lang='lat' dir='ltr'>considerarle</span> <span class='ocrx_word' id='word_1_356' title='bbox 667 4048 674 4083; x_wconf 79' lang='grc' dir='ltr'><strong>ι</strong></span> <span class='ocrx_word' id='word_1_357' title='bbox 703 4045 718 4085; x_wconf 88' lang='lat' dir='ltr'>e</span> <span class='ocrx_word' id='word_1_358' title='bbox 732 4030 849 4085; x_wconf 84' lang='lat' dir='ltr'>siccome</span> <span class='ocrx_word' id='word_1_359' title='bbox 864 4044 930 4084; x_wconf 87' lang='lat' dir='ltr'>sono</span> <span class='ocrx_word' id='word_1_360' title='bbox 945 4030 1199 4104; x_wconf 85' lang='lat' dir='ltr'>oonoseiutissima‚</span> <span class='ocrx_word' id='word_1_361' title='bbox 1221 4050 1375 4107; x_wconf 87' lang='lat' dir='ltr'>souoprono</span> <span class='ocrx_word' id='word_1_362' title='bbox 1399 4037 1417 4093; x_wconf 81' lang='lat' dir='ltr'>l’</span> <span class='ocrx_word' id='word_1_363' title='bbox 1428 4039 1548 4110; x_wconf 77' lang='lat' dir='ltr'>artifinio,</span> <span class='ocrx_word' id='word_1_364' title='bbox 1562 4057 1579 4096; x_wconf 92' lang='grc'>0</span> 
     </span>
     <span class='ocr_line' id='line_1_41' title="bbox 377 4103 1578 4184; baseline 0.012 -25"><span class='ocrx_word' id='word_1_365' title='bbox 377 4120 503 4162; x_wconf 86' lang='lat' dir='ltr'>scemano</span> <span class='ocrx_word' id='word_1_366' title='bbox 517 4105 541 4161; x_wconf 89' lang='lat' dir='ltr'>la</span> <span class='ocrx_word' id='word_1_367' title='bbox 552 4106 621 4162; x_wconf 80' lang='lat' dir='ltr'>sede.</span> <span class='ocrx_word' id='word_1_368' title='bbox 638 4103 764 4160; x_wconf 74' lang='lat' dir='ltr'>Periocha</span> <span class='ocrx_word' id='word_1_369' title='bbox 779 4104 845 4160; x_wconf 88' lang='lat' dir='ltr'>nelle</span> <span class='ocrx_word' id='word_1_370' title='bbox 859 4106 989 4176; x_wconf 89' lang='lat' dir='ltr'>maggiori</span> <span class='ocrx_word' id='word_1_371' title='bbox 1003 4122 1087 4164; x_wconf 85' lang='lat' dir='ltr'>carrae</span> <span class='ocrx_word' id='word_1_372' title='bbox 1100 4113 1123 4162; x_wconf 88' lang='lat' dir='ltr'>s&#39;</span> <span class='ocrx_word' id='word_1_373' title='bbox 1132 4109 1279 4179; x_wconf 86' lang='lat' dir='ltr'>adoperluo</span> <span class='ocrx_word' id='word_1_374' title='bbox 1298 4112 1382 4168; x_wconf 89' lang='lat' dir='ltr'>mollo</span> <span class='ocrx_word' id='word_1_375' title='bbox 1397 4123 1578 4184; x_wconf 87' lang='lat' dir='ltr'>pareamente.</span> 
     </span>
     <span class='ocr_line' id='line_1_42' title="bbox 378 4180 1547 4261; baseline 0.007 -23"><span class='ocrx_word' id='word_1_376' title='bbox 378 4182 420 4238; x_wconf 86' lang='grc'>110</span> <span class='ocrx_word' id='word_1_377' title='bbox 433 4182 500 4239; x_wconf 88' lang='grc' dir='ltr'><strong>(10νο</strong></span> <span class='ocrx_word' id='word_1_378' title='bbox 510 4183 531 4239; x_wconf 86' lang='lat' dir='ltr'>si</span> <span class='ocrx_word' id='word_1_379' title='bbox 542 4197 625 4239; x_wconf 85' lang='lat' dir='ltr'>cerea</span> <span class='ocrx_word' id='word_1_380' title='bbox 638 4180 657 4237; x_wconf 91' lang='lat' dir='ltr'>il</span> <span class='ocrx_word' id='word_1_381' title='bbox 673 4181 764 4238; x_wconf 83' lang='lat' dir='ltr'>dilatio</span> <span class='ocrx_word' id='word_1_382' title='bbox 778 4196 857 4236; x_wconf 86' lang='lat' dir='ltr'>come</span> <span class='ocrx_word' id='word_1_383' title='bbox 868 4181 936 4237; x_wconf 91' lang='grc'><strong>00110</strong></span> <span class='ocrx_word' id='word_1_384' title='bbox 951 4182 1109 4253; x_wconf 75' lang='lat' dir='ltr'>narrationi,</span> <span class='ocrx_word' id='word_1_385' title='bbox 1127 4185 1148 4240; x_wconf 86' lang='lat' dir='ltr'>si</span> <span class='ocrx_word' id='word_1_386' title='bbox 1162 4185 1285 4242; x_wconf 81' lang='lat' dir='ltr'>concede</span> <span class='ocrx_word' id='word_1_387' title='bbox 1300 4189 1423 4261; x_wconf 81' lang='lat' dir='ltr'>maggior</span> <span class='ocrx_word' id='word_1_388' title='bbox 1437 4191 1547 4249; x_wconf 75' lang='lat' dir='ltr'>liberti.</span> 
     </span>
    </p>
   </div>
   <div class='ocr_carea' id='block_1_12' title="bbox 786 4347 1173 4391">
    <p class='ocr_par' dir='ltr' id='par_1_16' title="bbox 786 4347 1173 4391">
     <span class='ocr_line' id='line_1_43' title="bbox 786 4347 1173 4391; baseline 0.008 -5"><span class='ocrx_word' id='word_1_389' title='bbox 786 4347 869 4388; x_wconf 75' lang='lat' dir='ltr'>DEUAE</span> <span class='ocrx_word' id='word_1_390' title='bbox 882 4348 979 4391; x_wconf 70' lang='lat' dir='ltr'>stauos</span> <span class='ocrx_word' id='word_1_391' title='bbox 992 4350 1020 4388; x_wconf 81' lang='lat' dir='ltr'>Di</span> <span class='ocrx_word' id='word_1_392' title='bbox 1035 4349 1173 4390; x_wconf 70' lang='lat' dir='ltr'>SENTRMB.</span> 
     </span>
    </p>
   </div>
   <div class='ocr_carea' id='block_1_13' title="bbox 378 4494 1582 4863">
    <p class='ocr_par' dir='ltr' id='par_1_17' title="bbox 378 4494 1582 4863">
     <span class='ocr_line' id='line_1_44' title="bbox 416 4494 1582 4571; baseline 0.004 -21"><span class='ocrx_word' id='word_1_393' title='bbox 416 4494 511 4561; x_wconf 85' lang='lat' dir='ltr'>Questi</span> <span class='ocrx_word' id='word_1_394' title='bbox 523 4513 587 4554; x_wconf 91' lang='lat' dir='ltr'>sono</span> <span class='ocrx_word' id='word_1_395' title='bbox 601 4500 610 4553; x_wconf 90' lang='lat' dir='ltr'>i</span> <span class='ocrx_word' id='word_1_396' title='bbox 624 4497 702 4567; x_wconf 88' lang='lat' dir='ltr'>lumi,</span> <span class='ocrx_word' id='word_1_397' title='bbox 715 4497 740 4553; x_wconf 90' lang='lat' dir='ltr'>di</span> <span class='ocrx_word' id='word_1_398' title='bbox 755 4500 801 4554; x_wconf 88' lang='lat' dir='ltr'>oui</span> <span class='ocrx_word' id='word_1_399' title='bbox 812 4501 833 4552; x_wconf 87' lang='lat' dir='ltr'>s&#39;</span> <span class='ocrx_word' id='word_1_400' title='bbox 842 4497 984 4554; x_wconf 88' lang='lat' dir='ltr'>abbellisce</span> <span class='ocrx_word' id='word_1_401' title='bbox 996 4505 1133 4555; x_wconf 74' lang='lat' dir='ltr'>nonanto</span> <span class='ocrx_word' id='word_1_402' title='bbox 1145 4498 1162 4554; x_wconf 90' lang='lat' dir='ltr'>ll</span> <span class='ocrx_word' id='word_1_403' title='bbox 1174 4514 1269 4571; x_wconf 87' lang='lat' dir='ltr'>eorpo,</span> <span class='ocrx_word' id='word_1_404' title='bbox 1278 4504 1377 4571; x_wconf 89' lang='lat' dir='ltr'>quanto</span> <span class='ocrx_word' id='word_1_405' title='bbox 1389 4497 1501 4556; x_wconf 75' lang='lat' dir='ltr'>l’animo</span> <span class='ocrx_word' id='word_1_406' title='bbox 1511 4500 1582 4557; x_wconf 85' lang='lat' dir='ltr'>dalla</span> 
     </span>
     <span class='ocr_line' id='line_1_45' title="bbox 378 4568 1582 4648; baseline 0.006 -24"><span class='ocrx_word' id='word_1_407' title='bbox 378 4568 540 4643; x_wconf 76' lang='lat' dir='ltr'>eloquenza,</span> <span class='ocrx_word' id='word_1_408' title='bbox 555 4573 649 4644; x_wconf 87' lang='lat' dir='ltr'>iquall</span> <span class='ocrx_word' id='word_1_409' title='bbox 663 4589 716 4628; x_wconf 92' lang='lat' dir='ltr'>non</span> <span class='ocrx_word' id='word_1_410' title='bbox 730 4573 798 4648; x_wconf 87' lang='lat' dir='ltr'>degli</span> <span class='ocrx_word' id='word_1_411' title='bbox 813 4574 933 4645; x_wconf 89' lang='lat' dir='ltr'>oreeohi,</span> <span class='ocrx_word' id='word_1_412' title='bbox 946 4589 990 4629; x_wconf 89' lang='lat' dir='ltr'>rna</span> <span class='ocrx_word' id='word_1_413' title='bbox 1003 4574 1072 4631; x_wconf 87' lang='lat' dir='ltr'>della</span> <span class='ocrx_word' id='word_1_414' title='bbox 1086 4575 1582 4647; x_wconf 74' lang='grc'><strong>0100100110000000100000,00000·</strong></span> 
     </span>
     <span class='ocr_line' id='line_1_46' title="bbox 379 4645 1579 4723; baseline 0.006 -21"><span class='ocrx_word' id='word_1_415' title='bbox 379 4645 452 4703; x_wconf 84' lang='grc'><strong>(1010</strong></span> <span class='ocrx_word' id='word_1_416' title='bbox 465 4647 495 4704; x_wconf 77' lang='lat' dir='ltr'>sa</span> <span class='ocrx_word' id='word_1_417' title='bbox 508 4650 602 4722; x_wconf 86' lang='lat' dir='ltr'>grand&#39;</span> <span class='ocrx_word' id='word_1_418' title='bbox 610 4657 739 4719; x_wconf 75' lang='lat' dir='ltr'>artemon</span> <span class='ocrx_word' id='word_1_419' title='bbox 753 4666 786 4706; x_wconf 91' lang='lat' dir='ltr'>ne</span> <span class='ocrx_word' id='word_1_420' title='bbox 799 4650 927 4721; x_wconf 87' lang='lat' dir='ltr'>vogliono</span> <span class='ocrx_word' id='word_1_421' title='bbox 938 4649 1036 4706; x_wconf 89' lang='lat' dir='ltr'>alonna</span> <span class='ocrx_word' id='word_1_422' title='bbox 1048 4666 1096 4722; x_wconf 88' lang='lat' dir='ltr'>per</span> <span class='ocrx_word' id='word_1_423' title='bbox 1107 4652 1253 4721; x_wconf 86' lang='lat' dir='ltr'>ispiocare.</span> <span class='ocrx_word' id='word_1_424' title='bbox 1269 4656 1298 4707; x_wconf 92' lang='lat' dir='ltr'>ln</span> <span class='ocrx_word' id='word_1_425' title='bbox 1308 4658 1404 4723; x_wconf 84' lang='lat' dir='ltr'>questa</span> <span class='ocrx_word' id='word_1_426' title='bbox 1414 4651 1512 4708; x_wconf 88' lang='lat' dir='ltr'>illustri</span> <span class='ocrx_word' id='word_1_427' title='bbox 1523 4653 1579 4709; x_wconf 85' lang='lat' dir='ltr'>ior-</span> 
     </span>
     <span class='ocr_line' id='line_1_47' title="bbox 379 4725 1579 4800; baseline 0.008 -22"><span class='ocrx_word' id='word_1_428' title='bbox 379 4738 422 4779; x_wconf 87' lang='lat' dir='ltr'>rue</span> <span class='ocrx_word' id='word_1_429' title='bbox 435 4740 452 4779; x_wconf 93' lang='lat' dir='ltr'>o</span> <span class='ocrx_word' id='word_1_430' title='bbox 465 4725 552 4798; x_wconf 84' lang='lat' dir='ltr'>ligure</span> <span class='ocrx_word' id='word_1_431' title='bbox 566 4725 591 4781; x_wconf 93' lang='lat' dir='ltr'>di</span> <span class='ocrx_word' id='word_1_432' title='bbox 604 4727 749 4797; x_wconf 82' lang='lat' dir='ltr'>concepire</span> <span class='ocrx_word' id='word_1_433' title='bbox 765 4725 814 4799; x_wconf 76' lang='lat' dir='ltr'>ida</span> <span class='ocrx_word' id='word_1_434' title='bbox 826 4726 877 4782; x_wconf 90' lang='lat' dir='ltr'>ohe</span> <span class='ocrx_word' id='word_1_435' title='bbox 893 4727 915 4782; x_wconf 82' lang='lat' dir='ltr'>si</span> <span class='ocrx_word' id='word_1_436' title='bbox 929 4725 1070 4785; x_wconf 85' lang='lat' dir='ltr'>ohlamano</span> <span class='ocrx_word' id='word_1_437' title='bbox 1084 4727 1170 4799; x_wconf 85' lang='lat' dir='ltr'>figure</span> <span class='ocrx_word' id='word_1_438' title='bbox 1183 4727 1211 4786; x_wconf 88' lang='lat' dir='ltr'>dl</span> <span class='ocrx_word' id='word_1_439' title='bbox 1225 4728 1362 4800; x_wconf 76' lang='lat' dir='ltr'>sentenia)</span> <span class='ocrx_word' id='word_1_440' title='bbox 1385 4728 1540 4787; x_wconf 86' lang='lat' dir='ltr'>oonaielono</span> <span class='ocrx_word' id='word_1_441' title='bbox 1554 4727 1579 4788; x_wconf 90' lang='lat' dir='ltr'>le</span> 
     </span>
     <span class='ocr_line' id='line_1_48' title="bbox 379 4800 869 4863; baseline 0.006 -9"><span class='ocrx_word' id='word_1_442' title='bbox 379 4800 500 4859; x_wconf 78' lang='lat' dir='ltr'>membre</span> <span class='ocrx_word' id='word_1_443' title='bbox 512 4801 562 4861; x_wconf 88' lang='grc'>010</span> <span class='ocrx_word' id='word_1_444' title='bbox 577 4801 647 4862; x_wconf 81' lang='lat' dir='ltr'>torre</span> <span class='ocrx_word' id='word_1_445' title='bbox 661 4800 724 4863; x_wconf 85' lang='lat' dir='ltr'>dell‘</span> <span class='ocrx_word' id='word_1_446' title='bbox 735 4804 869 4862; x_wconf 82' lang='grc'><strong>00001000.</strong></span> 
     </span>
    </p>
   </div>
   <div class='ocr_carea' id='block_1_14' title="bbox 1634 4888 1682 4990">
    <p class='ocr_par' dir='ltr' id='par_1_18' title="bbox 1634 4888 1682 4990">
     <span class='ocr_line' id='line_1_49' title="bbox 1634 4888 1682 4990; baseline 0 0"><span class='ocrx_word' id='word_1_447' title='bbox 1634 4888 1682 4990; x_wconf 73' lang='grc' dir='ltr'><strong><em>Δ</em></strong></span> 
     </span>
    </p>
   </div>
   <div class='ocr_carea' id='block_1_15' title="bbox 0 0 1976 5592">
    <p class='ocr_par' dir='ltr' id='par_1_19' title="bbox 0 0 1976 5592">
     <span class='ocr_line' id='line_1_50' title="bbox 0 0 1976 5592; baseline 0 1"><span class='ocrx_word' id='word_1_448' title='bbox 0 0 1976 5592; x_wconf 95' lang='lat' dir='ltr'> </span> 
     </span>
    </p>
   </div>
  </div>
 </body>
</html>
