3942 5592
420 502 478 566 110
555 547 563 563 .

350 627 355 636 ·
377 608 531 684 stimastis,
544 627 623 672 nnnc
638 624 691 670 ros
705 610 823 670 tandem
835 599 975 685 decebat
985 608 1041 672 hac
1054 610 1142 689 longe
1155 613 1188 672 et
1197 609 1361 672 honestiori
1374 615 1407 676 et
1418 606 1592 695 sapientiori

374 708 488 770 ratione
501 707 617 769 animos
630 708 666 769 ad
680 706 860 768 bilaritatem
879 706 1085 786 laetitiamque
1099 709 1262 784 revocetis,
1278 710 1359 787 qnod
1376 711 1438 789 ipsa
1453 715 1583 778 omnium

375 816 501 878 prorsus
526 800 604 860 ritae
618 800 763 862 bonorum
782 798 1006 876 optatissimum
1020 802 1107 863 tinem
1127 809 1222 865 morte
1234 796 1373 883 adempta
1398 806 1454 868 sim
1469 811 1502 868 et
1514 825 1588 870 con-

373 896 490 970 secuta,
506 891 759 955 immortalitatem
770 892 896 971 scilicet,
914 910 1029 957 summa
1044 911 1119 974 pace
1133 897 1288 973 retortam,
1301 901 1334 960 et
1346 901 1591 965 constantissima

377 989 521 1054 reticitate
541 992 736 1055 cumulatam.

878 1213 1084 1276 obsuto

429 1426 490 1487 Pro
501 1420 588 1501 felici
601 1423 644 1486 ud
659 1422 880 1505 neapolitanum
892 1422 1000 1487 rodum
1011 1426 1096 1488 aditu
1114 1426 1254 1507 Philippi
1274 1426 1528 1508 Vllispuniarum

741 1519 870 1596 nouique
886 1515 963 1577 orbis
975 1517 1163 1581 morianulae.

911 1724 1036 1807 (arm)

405 1940 436 2002 St
449 1939 619 2004 uuiversum
634 1935 789 2000 hominum
807 1952 903 2015 genus
924 1937 1009 1997 certo
1030 1934 1286 2012 immutabilisque
1305 1938 1438 2000 melioris
1459 1945 1585 2002 naturae

366 2034 484 2098 loedere
498 2032 678 2095 dominantia
694 2032 786 2092 rebus
802 2045 856 2108 pro
870 2045 974 2091 earnm
990 2029 1135 2108 dignitate
1148 2021 1290 2105 vocabula
1301 2033 1519 2112 consignasset,
1535 2037 1576 2096 ila

365 2128 507 2203 insolens,
524 2132 613 2205 atque
629 2128 776 2185 hactenus
790 2122 956 2186 inauditnm
971 2123 1009 2184 de
1032 2126 1085 2198 te,
1108 2123 1262 2201 philippe,
1288 2126 1463 2190 laudationis
1487 2147 1586 2208 genus

365 2227 464 2288 cuncti
478 2226 615 2288 homines
631 2229 683 2285 tua
698 2222 725 2282 vi
740 2221 876 2283 disertim
892 2219 1069 2294 tunderent,
1087 2223 1131 2282 uti
1146 2237 1220 2281 nora
1235 2227 1325 2298 atque
1345 2224 1485 2288 inusitata
1499 2246 1538 2290 ex
1553 2220 1602 2290 te¹

371 2319 492 2380 laudum
507 2315 681 2396 argumenta
705 2316 890 2394 promanant.
912 2312 1006 2373 Tanta
1020 2314 1096 2372 enim
1116 2314 1171 2373 abs
1188 2313 1260 2373 lein
1282 2321 1412 2394 utroque
1426 2323 1577 2381 terrarum

367 2411 439 2470 orbe
454 2410 513 2470 tate
527 2406 640 2487 patenti
655 2405 778 2484 imperio
794 2445 803 2480 ,
820 2407 851 2464 et
866 2406 1025 2484 majestate
1048 2404 1092 2464 lni
1113 2405 1232 2481 generis
1254 2412 1340 2484 parta
1362 2413 1410 2469 est
1433 2412 1535 2484 salus,
1551 2415 1584 2472 et

367 2506 477 2572 eximia
497 2506 542 2566 tui
563 2504 785 2584 spectabilitate
806 2503 952 2580 corporis,
975 2501 1124 2578 animique
1145 2506 1328 2578 praestantia
1350 2510 1434 2568 tanta
1456 2508 1585 2571 felicitas

252 2657 253 2662 ,
364 2603 558 2676 comparata,
575 2602 609 2660 ut
623 2597 735 2659 isthaec
757 2588 818 2674 ipsa'
839 2594 926 2674 digne
941 2611 1080 2657 narrasse
1093 2596 1168 2657 citra
1183 2596 1329 2678 cuiusque
1343 2600 1582 2679 eloquentissimi

361 2698 496 2774 exempla
512 2697 684 2759 cumulasse
706 2693 843 2755 laudibus
857 2698 1026 2772 putaretur.
1044 2698 1082 2755 nt
1104 2711 1175 2754 vero
1189 2697 1226 2757 'od
1242 2698 1298 2757 bas
1314 2699 1472 2761 uerborum
1487 2716 1583 2780 angu-

363 2790 449 2866 stias,
464 2791 573 2867 quihus
587 2794 696 2867 sponte
710 2791 831 2849 naturae
845 2804 915 2864 prae
930 2792 982 2847 tua
999 2787 1198 2865 magnitudine
1214 2788 1396 2865 laboramus,
1410 2792 1480 2852 ittnd
1492 2809 1579 2869 prae·

363 2893 446 2950 terea
459 2895 545 2968 urget
560 2887 788 2966 incommodum,
803 2888 881 2964 qnod
891 2904 967 2967 quas
978 2886 1072 2948 laudis
1084 2886 1315 2965 significationes
1328 2889 1426 2966 lingna
1436 2891 1583 2969 omnium,

292 3045 295 3049 ,
364 2986 517 3060 quotquot
530 2998 658 3059 unquam
671 2979 834 3042 tlornernnt
848 3022 857 3056 ,
871 2979 1023 3056 regnatrix
1035 2985 1065 3040 et
1079 2979 1196 3040 domina
1210 2979 1405 3054 exquisierit,
1426 2998 1461 3043 ac
1474 2986 1585 3044 morito

367 3076 418 3137 uix
428 3077 596 3137 sntticerent
611 3079 686 3151 tuo,
702 3090 753 3135 eas
768 3074 796 3134 in
813 3073 876 3135 suis
891 3073 1073 3150 Principibus
1087 3071 1265 3134 exornandis
1286 3073 1485 3148 Romanorum
1501 3076 1585 3155 igno-

353 3173 452 3246 ratio,
467 3174 513 3236 rel
529 3171 704 3249 obsequium
720 3170 811 3231 terme
825 3188 927 3231 omnes
947 3169 1132 3232 exhauserit.
1148 3167 1299 3245 Siquidem
1319 3171 1362 3231 ab
1381 3171 1415 3231 iis
1428 3171 1504 3234 atius
1521 3177 1586 3235 ter·

362 3287 462 3331 rarum
478 3274 577 3330 rector
590 3277 635 3330 est
651 3269 761 3344 dictus,
776 3268 837 3341 cui,
856 3270 995 3330 immenso
1010 3270 1110 3329 oceani
1122 3271 1222 3328 tractu
1235 3267 1394 3342 intentato,
1407 3270 1484 3331 alter
1494 3271 1579 3331 urbis

361 3363 484 3441 imperio
499 3363 698 3424 moderandus
712 3363 863 3423 restabat:
887 3363 962 3421 alius
983 3360 1135 3421 nationum
1160 3361 1342 3437 praesidium
1363 3366 1393 3422 et
1418 3365 1577 3437 columen,

360 3478 436 3540 quas
450 3463 500 3525 uix
513 3462 667 3524 dimidiato
680 3464 724 3523 sot
737 3463 881 3523 lustmbat
896 3461 1057 3536 curriculo,
1072 3460 1158 3536 qnasi
1170 3477 1242 3520 vero
1254 3460 1342 3520 nuttis
1355 3461 1420 3521 otiis
1430 3460 1575 3539 gentibus

361 3565 492 3626 allucens
507 3564 612 3640 lacem,
627 3564 774 3641 reliquum
787 3563 832 3625 sni
844 3562 925 3624 orbis
938 3563 1067 3641 spatium
1082 3565 1164 3621 osset
1179 3561 1264 3622 irrito
1278 3564 1471 3624 decursurus:
1485 3564 1578 3626 alium

360 3658 480 3734 generis
497 3658 615 3718 humani
628 3657 732 3722 dixere
744 3658 888 3735 delicias,
911 3674 972 3735 qno
986 3672 1057 3717 sane
1073 3656 1215 3734 plurimae
1232 3657 1426 3735 ingentesque
1441 3659 1577 3720 nationes

358 3753 590 3830 oblectarentur,
607 3756 657 3817 sed
674 3754 750 3815 intra
765 3759 864 3816 certos
880 3755 1025 3817 terminus
1039 3753 1164 3837 (metu,
1186 3770 1223 3814 aa
1239 3754 1394 3837 insidiati
1409 3758 1579 3821 conclusae.

361 3845 403 3908 ‘le
418 3866 500 3923 uero,
515 3848 580 3913 Rex
592 3848 809 3926 potentissime,
826 3848 935 3925 quibus
948 3848 1100 3909 uocabulis
1111 3846 1347 3926 designabimus,
1362 3849 1471 3909 nedum
1486 3850 1582 3911 laudi·

361 3945 418 4005 bus
432 3945 600 4023 efferemus,
615 3948 667 4026 qui
682 3951 789 4026 gentes
803 3948 830 4009 vi
847 3946 1095 4024 innumerabiles,
1112 3948 1184 4007 locis
1200 3947 1326 4009 inhnilas
1341 3989 1350 4023 ,
1365 3947 1457 4008 dubio
1472 3947 1584 4027 ltispa·

360 4039 417 4098 nici
429 4040 599 4103 dominatus
612 4043 756 4123 subsidio,
770 4042 901 4104 omniurn
914 4059 1016 4104 rerum
1032 4041 1204 4103 testinantes
1218 4059 1252 4104 ac
1269 4041 1411 4119 trepidas,
1427 4041 1485 4101 hoc
1499 4041 1579 4120 ipso,

359 4136 440 4212 quod
457 4139 523 4198 tuas
536 4156 603 4202 esse
615 4142 757 4219 volueris,
773 4142 950 4220 sospitnsti:
969 4146 1081 4219 tuoque
1098 4139 1186 4203 unius
1202 4143 1278 4201 nutu
1293 4143 1409 4200 tantum
1425 4140 1584 4218 imperium

358 4227 507 4301 constitit,
523 4232 601 4305 quod
620 4250 677 4294 non
692 4234 855 4312 montibus,
872 4251 929 4295 non
942 4233 1026 4311 ripis,
1044 4252 1101 4295 non
1116 4233 1255 4294 litoribus
1267 4233 1463 4310 terminatur,
1482 4231 1536 4292 'sed
1551 4230 1585 4291 tl-

358 4342 422 4400 nes,
436 4330 585 4403 qnatenus
597 4347 650 4407 per
664 4350 765 4395 rernm
780 4337 917 4395 naturam
930 4332 1013 4408 licet,
1025 4333 1160 4412 porrigat
1170 4330 1381 4406 extendatque:
1392 4335 1425 4390 et
1437 4346 1514 4408 quos
1527 4346 1583 4407 po·

359 4419 459 4494 pulos,
476 4422 509 4480 ut
524 4423 693 4500 respexisti,
713 4425 875 4487 incolumes
892 4426 1016 4503 ieceras,
1031 4424 1130 4501 modo,
1146 4425 1182 4485 iis
1194 4425 1264 4485 dum
1277 4427 1308 4484 te
1320 4425 1444 4502 praebes
1458 4423 1581 4503 conspi-

359 4508 507 4587 ciendum,
524 4513 628 4575 beatos
644 4516 727 4577 tacis.
745 4518 825 4591 Quas
841 4519 936 4598 igitur
948 4518 1052 4597 dignas
1067 4521 1169 4596 grates
1182 4516 1236 4578 tibi
1252 4517 1414 4577 habeamus
1425 4519 1575 4594 oportet,

361 4600 423 4666 Rex
439 4604 664 4683 diligentissime
677 4612 869 4690 populorum,
886 4614 938 4689 qui
953 4616 1020 4689 post
1035 4629 1135 4674 rerum
1149 4613 1240 4687 caput
1252 4608 1436 4687 Hispaniam,
1449 4609 1582 4686 primum

358 4700 486 4762 omnium
502 4705 559 4765 boc
572 4723 712 4786 regnum,
726 4711 802 4772 bunc
815 4711 919 4773 urbem
934 4716 987 4772 lua
1000 4709 1211 4789 augustissima
1225 4709 1392 4787 praesentia
1409 4693 1582 4768 recreasti?

358 4790 465 4854 Omnes
479 4811 549 4857 sanc
561 4801 690 4862 omnium
706 4803 844 4868 ordinum
859 4805 938 4864 ciues
949 4803 978 4865 in
996 4803 1149 4882 laetitiam,
1162 4801 1402 4878 hilaritatemque
1415 4798 1512 4860 diffusi
1527 4815 1582 4862 eas
