3942 5592
458 604 632 687 inconcussa
644 606 757 688 quatit,
772 602 825 666 tibi
839 599 1020 664 refraenavit
1033 617 1068 662 ae
1083 600 1206 679 pressit.
1223 603 1263 662 aa
1275 600 1352 664 enim
1367 601 1420 664 ubi
1436 600 1564 679 primum
1575 599 1614 661 dc
1624 617 1673 662 re·

381 698 385 706 ’
457 704 524 780 giis·
532 704 657 768 aedibus
671 702 913 783 frequentissimo
926 700 1038 780 populo
1051 700 1207 775 nisurum,
1223 700 1436 777 visendamque
1452 704 1483 760 te
1497 697 1672 777 praebuisti,

459 795 541 857 inter
558 800 635 858 laeta
650 799 760 870 omina,
776 797 886 875 quibas
901 793 1000 855 omnia
1016 794 1234 871 personabant,
1247 795 1364 869 quatem
1380 793 1408 853 in
1425 793 1532 854 sabulis
1546 809 1600 869 per
1613 808 1677 853 ma

458 890 576 951 chiram
591 891 682 951 Reum
692 892 833 969 aliquem,
851 889 939 948 talem
956 890 984 946 te
999 887 1036 946 ad
1050 902 1103 945 nos
1116 886 1154 946 de
1167 886 1250 946 caelo
1263 885 1449 946 descendisse
1464 885 1675 963 spectavimus.

458 987 494 1047 ut
507 1004 590 1064 sane,
607 988 651 1049 oli
671 987 828 1063 usuvenit,
846 990 878 1046 ut
892 987 1038 1059 majorem
1060 982 1261 1062 longinquitas
1279 981 1417 1044 conciliet
1431 981 1617 1060 Principibus
1630 996 1678 1041 re·

458 1079 623 1140 rerenuarn'
635 1080 815 1164 maJestatis,
828 1078 957 1139 maxima
967 1080 1034 1136 erat
1046 1075 1084 1137 de
1096 1080 1137 1151 le,
1152 1077 1297 1155 Philippe,
1308 1081 1408 1138 nostra
1418 1079 1551 1137 omnium
1562 1074 1675 1153 opinio,

462 1190 557 1250 quum
573 1175 627 1236 abs
642 1180 671 1236 te
688 1176 896 1237 immodestum
912 1177 1061 1234 terrarum
1076 1173 1205 1250 spatium
1219 1172 1316 1233 dissiti
1327 1173 1528 1251 agitabamus.
1541 1173 1583 1234 Te
1593 1187 1674 1231 nam·

338 1286 341 1291 ’
458 1288 522 1347 que
538 1273 778 1335 obseruabamus
795 1273 891 1352 inclyti
905 1271 1067 1332 Galliarum
1082 1271 1215 1348 Delphini
1232 1275 1346 1346 nalum,
1363 1272 1410 1333 cui
1424 1276 1455 1332 et
1472 1270 1677 1349 interquaesi·

464 1365 579 1427 lissima
595 1367 745 1428 Mineruae
760 1367 859 1428 studia
875 1366 1013 1444 agitanti,
1029 1367 1244 1442 praestantiora
1259 1365 1349 1438 hujus
1360 1367 1547 1444 tempestatis
1558 1366 1676 1443 ingenia

463 1460 652 1535 floruerunt,
670 1464 702 1519 et
716 1458 1018 1520 discriminosissimas
1032 1457 1171 1518 subeunti
1188 1457 1291 1519 llartis
1304 1475 1462 1519 aerumnas
1476 1459 1604 1535 quisque
1618 1457 1676 1517 lor·

463 1557 599 1618 tissimus
614 1558 659 1617 vel
675 1558 806 1619 hostium
820 1557 975 1619 extimuit.
987 1556 1028 1615 Te
1041 1555 1181 1617 ludovici
1194 1557 1298 1636 llagni
1310 1574 1449 1635 magnum
1468 1557 1679 1617 excolebamus

464 1652 620 1733 Nepotem,
636 1656 693 1716 hoc
705 1659 766 1725 est,
782 1656 819 1716 ab
832 1673 870 1717 eo
884 1656 1044 1716 Galliarum
1059 1655 1138 1732 Rege
1152 1656 1362 1733 progenitum,
1377 1656 1429 1732 qui
1447 1655 1616 1714 teterrimas
1629 1671 1677 1713 re·

466 1746 518 1823 gui
532 1747 695 1808 seditiones
709 1749 879 1827 oppressit:
902 1748 955 1824 qui
971 1747 1009 1808 ab
1024 1748 1108 1807 noris
1123 1746 1315 1824 religionibus
1330 1764 1413 1807 sacra
1430 1745 1525 1824 patria
1546 1745 1676 1805 sindica·

464 1840 508 1901 uit
522 1860 530 1900 ε
544 1842 596 1931 qui
615 1843 643 1902 in
655 1842 847 1917 Pannoniam,
866 1842 1059 1913 Lusitaniam,
1076 1840 1194 1920 Belgas,
1210 1839 1377 1920 Sequanos,
1392 1840 1596 1902 Mediterranei
1613 1856 1675 1901 ma-

462 1931 506 1993 ris
520 1933 645 2009 insulas,
661 1936 800 2008 Africam,
818 1936 979 1996 Amerinam
995 1934 1173 2011 legionibus,
1190 1934 1373 1994 classibusue
1389 1933 1509 2006 missis,
1524 1933 1673 1994 decimum

464 2029 519 2086 aut
532 2027 600 2104 ptus
613 2044 651 2087 eo
667 2028 827 2104 imperator
841 2043 897 2088 suo
911 2027 1020 2105 partim
1034 2027 1124 2086 ducta
1139 2068 1148 2099 ,
1173 2026 1281 2101 partim
1296 2027 1437 2104 auspiciis
1453 2027 1582 2091 maxima
1597 2025 1679 2086 bella

464 2122 598 2183 coniecit
612 2145 619 2183 :
635 2125 687 2203 qai
705 2124 756 2201 imp
766 2125 820 2188 erii
834 2123 975 2185 Gallicani
992 2123 1065 2183 lines
1079 2139 1201 2199 quoquo
1216 2139 1320 2183 uersus
1335 2122 1481 2200 protulit,
1503 2123 1677 2199 ampliavit:

461 2220 514 2295 qui
530 2221 605 2281 inter
619 2238 713 2296 arma,
731 2222 866 2282 finitimis
882 2223 1007 2300 pacatis,
1024 2236 1130 2284 cinries
1142 2220 1236 2281 bonas
1251 2221 1333 2297 pacis
1347 2224 1429 2280 artes
1445 2219 1518 2280 lorit
1530 2260 1539 2292 ,
1553 2219 1681 2283 nutrivit

460 2321 492 2378 et
507 2317 605 2379 aluit:
620 2321 802 2380 auctoritate
814 2321 892 2397 apud
908 2321 1010 2379 hostes
1026 2319 1201 2396 grauissima
1215 2361 1225 2393 ,
1241 2319 1299 2379 lide
1315 2321 1344 2379 in
1359 2318 1458 2379 socios
1472 2316 1616 2395 singulari
1631 2334 1679 2375 rr·

462 2428 556 2488 guum
574 2413 702 2488 obtinet,
720 2416 854 2491 regulam
872 2431 1066 2490 normamque
1084 2414 1287 2490 reliquorum:
1304 2415 1356 2488 qui
1370 2413 1500 2489 denique
1515 2411 1679 2473 incredibili
1699 2457 1701 2463 .

462 2505 621 2582 prodentia
636 2548 646 2580 ,
662 2525 697 2567 ac
713 2522 806 2584 paene
820 2506 916 2566 diuina
933 2510 1066 2566 omnium
1082 2524 1188 2584 regum
1203 2507 1353 2567 sanctiora
1366 2507 1486 2568 consilia
1501 2521 1679 2586 permeans,

466 2597 511 2661 uti
526 2602 632 2659 natura
648 2600 854 2660 universarum
869 2615 969 2659 rerum
985 2600 1126 2671 virtutes,
1145 2601 1185 2658 ita
1202 2599 1226 2658 is
1240 2598 1372 2659 omnium
1384 2599 1553 2676 principum
1565 2599 1682 2656 mentes

470 2688 500 2750 in
513 2707 547 2751 se
562 2708 639 2751 unus
653 2691 872 2769 conrplectitur.
889 2691 930 2751 Te
944 2693 1074 2768 denique
1096 2699 1161 2771 ejus
1181 2691 1369 2753 llonarchiae
1386 2691 1500 2769 Regem
1520 2688 1683 2752 veneraba-

469 2802 550 2861 mur,
564 2791 650 2864 cujas
664 2785 749 2863 lines,
765 2791 790 2849 si
804 2789 873 2873 quis
885 2789 981 2850 oculis
993 2792 1082 2852 uellet
1092 2791 1274 2865 describere,
1287 2790 1454 2851 uniuersam
1466 2791 1599 2849 aetatem
1611 2803 1681 2864 pcr-

467 2895 616 2954 currens,
640 2883 709 2940 ante
724 2882 814 2940 vitam
830 2880 1022 2956 absolveret,
1042 2885 1161 2961 quando
1183 2886 1215 2943 te
1237 2886 1422 2958 regnatorem
1442 2880 1584 2957 Europa,
1607 2879 1677 2937 Asia

467 2978 563 3054 pium,
579 2978 728 3040 munitum
745 2979 854 3055 dlrica,
870 2980 1045 3056 opulentum
1062 2981 1197 3041 Amerina
1212 2983 1393 3040 ueneratur:
1410 2985 1442 3039 et
1456 2995 1557 3039 rerum
1572 2981 1677 3037 natura

467 3073 534 3151 ipsa
552 3074 804 3136 Mediterraneum
819 3074 1031 3155 Oceanumque
1047 3079 1075 3137 in
1090 3078 1298 3138 breuissimum
1320 3076 1431 3137 fretum
1451 3076 1505 3135 tibi
1524 3074 1561 3134 ad
1581 3072 1678 3135 Gades

466 3173 655 3246 misouerit,
671 3175 708 3232 ut
724 3172 790 3233 inde
805 3176 903 3233 terras
918 3189 1034 3247 omues,
1048 3178 1080 3235 et
1093 3175 1229 3234 uniuersa
1244 3173 1326 3234 orbis
1337 3177 1488 3233 terrarum
1501 3173 1615 3234 interna
1626 3187 1682 3232 ex·

470 3271 614 3343 ternaque
627 3266 721 3327 maria
735 3283 773 3327 ex
787 3265 912 3328 arbitrio
926 3268 1108 3331 moderaren.
1125 3268 1182 3329 Tot
1195 3272 1355 3346 lantmque
1371 3268 1488 3331 llaximi
1497 3267 1590 3347 Regis
1598 3272 1633 3331 el
1642 3270 1682 3331 ab

467 3364 562 3442 stirpe
574 3369 606 3426 et
619 3365 658 3425 ab
672 3381 765 3443 regno
778 3364 883 3425 laudes
898 3382 999 3428 omnes
1013 3367 1228 3444 augustissima
1241 3369 1286 3428 tui
1298 3366 1464 3445 praesentia
1476 3366 1633 3445 superavit
1645 3384 1682 3430 ac

471 3462 554 3525 vicit.
571 3462 629 3525 llec
644 3479 713 3541 uero
727 3463 753 3524 ei
770 3465 954 3538 maiestatem
967 3466 1131 3527 conciliasti
1149 3466 1260 3544 ingenti
1274 3466 1392 3538 classe,
1413 3480 1479 3524 nam
1495 3481 1607 3540 paucae
1619 3465 1681 3529 hirc

470 3563 592 3623 nostrae
604 3563 742 3623 triremes
755 3561 952 3624 advexerant:
973 3580 1034 3623 non·
1046 3562 1155 3624 illustri
1169 3580 1278 3640 pompa
1294 3567 1326 3625 et
1337 3561 1511 3641 triumphali
1529 3562 1556 3622 in
1570 3563 1679 3625 urbem

472 3654 628 3731 ingressu,
648 3671 716 3714 uam
732 3671 822 3731 paene
835 3657 971 3732 privatus
986 3656 1142 3718 subieras:
1167 3673 1224 3716 non
1241 3657 1467 3733 paludamento,
1490 3661 1546 3716 aut
1568 3672 1677 3716 corona

377 3799 385 3814 .
465 3747 659 3825 conspicuus,
672 3747 819 3823 siquidem
833 3749 1053 3810 modestissimo
1064 3753 1171 3810 ornatu
1185 3752 1335 3828 tamquam
1348 3765 1405 3810 non
1417 3753 1613 3828 regnaturus,
1625 3747 1682 3809 sed

475 3842 863 3910 rusticalurusadveneras.
880 3843 917 3905 llt
932 3848 1030 3908 tamen
1044 3838 1122 3919 ,'ubi
1145 3850 1175 3907 le
1201 3845 1238 3905 ad
1263 3847 1415 3926 regiarum
1436 3846 1555 3906 aedium
1571 3844 1682 3906 menia·

467 3955 556 4013 uum,
573 3955 644 3999 mox
664 3939 700 3999 ad
722 3940 863 4001 solarium
878 3941 955 4001 inter
979 3942 1083 4018 plures
1096 3934 1182 4003 aula'e
1197 3959 1337 4021 proceres
1351 3942 1552 4019 promiscuum
1568 3940 1683 4002 inlinila

466 4030 517 4090 illa
531 4031 695 4091 multitudo
709 4036 921 4109 conspexerat,
937 4037 971 4094 ut
983 4033 1034 4093 dlii
1045 4036 1161 4094 occulta
1174 4040 1206 4094 et
1219 4036 1304 4095 insita
1318 4034 1544 4095 necessitudinis
1558 4035 1586 4093 ui
1601 4035 1684 4112 igno-

465 4131 515 4186 tos
530 4132 690 4202 parentes,
713 4128 756 4190 ita
777 4129 940 4202 nlrrjrstatis
955 4131 1067 4192 virtute
1081 4149 1169 4192 suum
1186 4136 1215 4193 le
1230 4132 1342 4210 Regem
1357 4134 1531 4208 agnoverat.
1557 4131 1596 4191 ut
1610 4131 1686 4193 adeo

462 4223 507 4284 tul
523 4222 562 4283 ab
578 4223 669 4285 Gallia
685 4218 866 4304 praemissae
882 4228 983 4290 icones
999 4234 1195 4306 nequicquam
1211 4230 1248 4316 ad
1264 4230 1442 4310 agnitionem
1454 4226 1620 4304 iuverunt,
1646 4232 1682 4290 ut

463 4317 544 4378 illico
557 4320 747 4396 culparemus
760 4330 919 4400 auctores,
937 4325 989 4404 qui
1005 4343 1076 4388 cum
1092 4327 1220 4387 maxime
1236 4329 1479 4405 augustissimam
1491 4328 1537 4386 tui
1549 4326 1681 4403 speeiem

462 4415 576 4476 relerre
586 4421 682 4478 conati
697 4425 769 4481 sunt
792 4464 801 4496 ,
818 4410 872 4485 nec
883 4425 1023 4486 eximiam
1038 4424 1099 4486 oris
1114 4424 1324 4488 honestatem,
1351 4443 1404 4487 nec
1415 4427 1564 4485 caelestes
1578 4424 1685 4485 vultus

403 4506 411 4517 ’
462 4510 594 4571 virtutes
610 4513 770 4591 quicquam
784 4516 821 4577 ad
838 4519 880 4576 lui
896 4518 1114 4579 imitamentum
1129 4518 1343 4594 expresserint.
1362 4517 1432 4576 Tum
1448 4516 1525 4577 laeta
1543 4517 1624 4576 euim
1638 4529 1687 4574 sc·

466 4605 722 4675 renitaslrontem
735 4612 881 4687 explicat,
899 4617 959 4671 lam
976 4613 1078 4673 suavis
1096 4612 1123 4672 in
1138 4606 1233 4673 oculis
1243 4612 1318 4673 caeli
1332 4613 1415 4672 color
1430 4612 1529 4688 riget,
1542 4615 1573 4671 et
1590 4612 1618 4671 in
1632 4626 1686 4669 co·

466 4703 530 4761 tore
539 4703 677 4763 caelestis
691 4706 736 4765 uis
754 4707 872 4768 laminis
887 4709 1017 4783 eminet,
1034 4715 1095 4770 tam
1117 4714 1222 4788 gratus
1243 4710 1353 4779 candor
1363 4708 1446 4782 oris,
1468 4724 1559 4786 quem
1574 4711 1686 4769 roseus

465 4799 560 4879 pudor
574 4801 699 4866 subinde
717 4805 812 4884 tingit,
830 4811 891 4868 lanu
905 4804 1034 4876 tricunda
1050 4809 1144 4868 lolius
1160 4807 1281 4869 babitus
1301 4808 1494 4885 incessusque
1509 4821 1580 4868 cum
1593 4808 1686 4870 deco·
