3942 5592
1541 435 1583 496 99

398 538 609 619 amplissimus.
622 536 726 616 Neque
743 543 830 600 tanto
842 538 960 618 ingenio
970 557 1006 604 ac
1021 537 1156 600 facultati
1168 539 1243 599 hene
1257 539 1295 604 de
1307 540 1374 603 aliis
1387 543 1518 606 merendi
1536 544 1616 605 ultus

396 641 459 699 erat
474 637 578 715 aptior
592 637 690 711 locus,
706 655 796 717 quam
807 638 961 718 IIispania,
979 639 1030 699 uhi
1043 637 1122 697 itlius
1134 637 1237 697 otliciis
1249 639 1460 717 beneficiisque
1476 642 1618 719 majestas

392 735 517 812 imperii
531 733 613 795 ochis
628 738 776 796 terrarum
791 738 911 798 maximi
931 737 1077 797 tribueret
1093 735 1333 812 amplitudinem.
1349 754 1384 797 ac
1398 739 1550 799 innumera
1565 737 1619 795 ho·

392 832 503 893 minum
514 849 553 894 eo
564 833 611 893 uel
625 833 662 892 ad
677 833 820 910 petendos
836 835 974 899 honores.
986 835 1032 893 vet
1046 832 1139 912 adjus
1151 850 1239 893 suurn
1251 836 1467 909 experiundum
1481 837 1519 895 ah
1533 838 1618 894 utrc-

390 943 447 1002 quc
461 931 623 988 terrarum
638 924 711 985 orhe
726 926 936 987 continentium
951 925 1125 999 multitudo,
1142 927 1369 1002 perennitatem.
1398 926 1505 985 Verum
1521 925 1616 984 mutto

390 1018 589 1098 praeclariora
615 1018 652 1078 ad
667 1020 884 1094 comparandas
910 1021 1041 1080 uirtutes
1052 1018 1233 1098 adjumenta,
1252 1037 1285 1079 ac
1307 1020 1401 1078 orntto
1418 1019 1551 1096 digniora
1566 1036 1615 1077 ea·-

391 1111 527 1171 ramdem
549 1110 784 1175 exercendarum
799 1114 952 1173 commoda
969 1112 1063 1173 eidem
1081 1130 1196 1172 summa
1211 1113 1327 1188 generis
1342 1114 1471 1190 dignitas
1495 1112 1613 1172 attulit.

391 1200 515 1280 Semper
529 1204 610 1263 enim
624 1202 774 1279 majorum
790 1205 900 1267 sir-tute
927 1207 1063 1267 elaruum
1091 1206 1269 1286 imaginibus
1293 1207 1328 1267 ad
1346 1210 1490 1267 uirtutem
1509 1209 1535 1266 in
1554 1225 1608 1284 po·

387 1301 449 1356 ster
459 1298 485 1357 is
500 1298 693 1361 excitandam
707 1299 864 1360 maximam
881 1301 939 1360 nim
957 1302 1047 1362 tacite
1063 1302 1158 1361 inesse
1175 1300 1274 1378 putari
1290 1322 1297 1361 :
1314 1302 1350 1362 ad
1363 1301 1457 1363 ardua
1472 1317 1612 1376 quaeque

389 1411 422 1456 ac
435 1396 594 1473 praeclara
610 1395 705 1454 mutto
717 1397 922 1458 uehementius
933 1413 1121 1458 commouere
1131 1397 1306 1470 domestica,
1320 1415 1408 1474 quam
1424 1403 1551 1458 externa
1563 1414 1612 1458 re·

391 1495 438 1551 cte
456 1479 609 1552 sactorum
623 1492 772 1568 exempta.
787 1492 882 1565 Quam
898 1492 1021 1569 proinde
1034 1491 1169 1570 egregie,
1185 1492 1210 1550 si
1226 1493 1267 1552 ita
1282 1509 1315 1550 se
1328 1510 1375 1551 res
1391 1491 1491 1562 habet,
1509 1490 1536 1548 in
1552 1480 1606 1566 gess

390 1604 499 1648 neroso
513 1589 695 1649 catharinae
709 1592 807 1650 animo
821 1595 930 1651 cuncta
946 1591 1099 1668 regiarum
1114 1589 1260 1652 uirtutum
1276 1590 1388 1650 semina
1404 1587 1609 1666 praeclarissi-

388 1699 454 1744 mos
468 1681 540 1759 ejus
555 1687 685 1764 majores
696 1684 846 1745 excitasse
863 1686 1029 1762 putandum
1042 1688 1104 1757 est,
1121 1685 1172 1760 qui
1187 1703 1228 1748 ex
1242 1684 1427 1762 amplissima
1443 1683 1606 1761 dragonio·

388 1796 456 1841 rum
471 1782 568 1858 gente
595 1797 681 1858 reges
702 1781 813 1840 uirtute
830 1781 1082 1860 praestantissimi
1107 1781 1258 1859 prodiere:
1276 1787 1308 1842 et
1328 1798 1418 1858 quam
1446 1780 1605 1858 insignitor

384 1875 537 1952 ejusmodi
554 1877 699 1936 seminum
717 1877 835 1938 tructus
851 1878 1026 1938 adolescere
1038 1880 1202 1953 curavisse,
1215 1878 1266 1954 qui
1278 1879 1416 1959 ejusdem
1432 1877 1609 1956 praeclaris·

382 1973 447 2033 simi
461 1973 634 2034 extiterunt
650 1976 793 2049 parentes
809 1973 943 2047 maximi,
961 1972 1007 2031 sir
1017 1973 1157 2051 princeps
1172 1973 1302 2047 consilii,
1317 1973 1610 2051 tndovtgusarago·

383 2069 462 2146 nius,
480 2076 512 2132 et
538 2070 782 2149 spectatissimae
798 2070 922 2131 uirtutis
948 2074 1084 2131 matrona
1101 2070 1252 2132 ttariauna
1267 2069 1457 2148 sandovalio,
1475 2070 1607 2147 quitum
1661 2068 1664 2075 '

380 2164 470 2226 dietis
483 2169 553 2228 tom
568 2165 656 2228 sactis
674 2167 752 2229 ittam
767 2167 845 2228 omni
860 2168 1012 2246 regiarum
1035 2168 1181 2228 uirtutum
1196 2185 1305 2246 genere
1326 2166 1450 2228 mirifice
1466 2166 1606 2228 institue·

381 2265 450 2322 runt
463 2257 484 2323 ‘l
499 2261 553 2322 ilis
570 2264 761 2337 auctoribus,
779 2263 937 2340 prodentia
948 2278 1076 2338 summa,
1091 2261 1209 2338 justitia
1222 2263 1347 2339 eximia,
1366 2261 1498 2323 inaudita
1516 2258 1605 2320 animi

380 2356 562 2434 moderatio,
579 2357 762 2419 incredibilis
783 2357 927 2418 tortitudo
954 2358 983 2417 in
1005 2358 1083 2419 itlius
1104 2360 1202 2419 animo
1227 2358 1269 2419 ita
1286 2358 1363 2418 inter
1382 2372 1450 2416 sese
1473 2355 1604 2416 sociatae

379 2454 446 2511 sunt
460 2455 560 2529 atquc
573 2451 761 2530 complexae,
775 2459 808 2513 ut
819 2451 953 2512 eamdem
965 2453 1073 2527 quovis
1085 2452 1216 2513 maximo
1227 2451 1382 2513 dominatu
1397 2448 1604 2528 dignissimam

380 2547 519 2611 hoerrna
539 2553 578 2609 at
599 2551 674 2613 haec
690 2550 793 2611 eadem
809 2549 881 2629 regii
900 2549 1018 2627 generis
1032 2549 1163 2627 dignitas
1177 2552 1252 2626 quot
1269 2546 1404 2627 insuper,
1422 2546 1605 2623 quantisque

376 2648 545 2708 commodis
569 2649 625 2709 has
650 2651 729 2730 ipsas
751 2648 849 2726 regias
866 2647 995 2708 uirtutes
1018 2646 1177 2707 instruxit!
1194 2645 1330 2706 Contulit
1351 2645 1430 2706 enim
1445 2647 1603 2722 practerea

379 2757 502 2822 magnas
531 2745 727 2822 ingentesque
755 2760 827 2821 opes
842 2746 873 2803 et
888 2741 1004 2818 copias,
1020 2741 1136 2819 amplas
1153 2746 1216 2801 turn
1241 2739 1323 2816 agris
1338 2738 1516 2812 uberrimus,
1534 2738 1599 2795 tum

378 2841 552 2904 hominihus
567 2841 797 2904 florentissimas
813 2841 953 2915 ditiones,
970 2856 1105 2900 summos
1118 2837 1276 2916 dignitatis
1290 2842 1382 2914 atque
1395 2836 1600 2911 honorisqra·

376 2936 444 3011 dus,
462 2934 566 3015 regias
581 2937 734 3016 sangoinis
750 2934 999 3008 necessitudines,
1015 2950 1061 3008 ac,
1080 2937 1114 2994 ut
1127 2931 1242 3008 reliqua
1254 2929 1344 2991 missa
1361 2928 1515 3000 iaciamus,
1531 2942 1601 2987 cum

374 3029 500 3092 sommis
529 3032 624 3092 totius
651 3032 745 3091 terme
761 3030 900 3109 Europae
912 3027 1099 3106 Principibus
1117 3025 1295 3086 lectissimas
1320 3020 1477 3082 amicitias.
1494 3021 1600 3078 honen

375 3127 536 3204 maximae,
552 3147 587 3192 ac
600 3129 673 3190 satis
685 3146 838 3207 superque
849 3127 1007 3189 affluentes
1019 3143 1072 3186 eae
1084 3122 1238 3185 habendae
1250 3123 1320 3181 sunt
1334 3119 1505 3192 taorrltales,
1522 3131 1600 3190 quae

376 3225 541 3287 innumeris
568 3225 732 3304 benefieiis,
752 3226 922 3306 hospitibus
947 3229 1037 3300 atque
1052 3222 1194 3300 operibus
1218 3217 1371 3296 splendide
1396 3231 1430 3275 ac
1446 3210 1600 3290 magnifice

375 3323 573 3400 collocandis,
587 3325 769 3402 excipiendis
794 3344 828 3384 ac
842 3322 985 3383 faciundis
1000 3321 1085 3381 hreni
1099 3335 1244 3401 annorum
1258 3313 1410 3377 curriculo
1422 3308 1514 3391 (eheu
1531 3314 1599 3367 tran-

374 3420 435 3479 ium
452 3420 525 3482 tatis
539 3424 657 3483 eertum
668 3423 722 3481 luit
739 3422 816 3480 ittam
834 3418 922 3481 terris
937 3414 1109 3496 ostendere)
1123 3414 1223 3479 sexies
1244 3413 1344 3472 decies
1369 3413 1490 3472 centena
1506 3405 1599 3467 millia

375 3531 532 3577 aureorum
568 3532 720 3576 nummum
748 3508 1011 3593 suppeditarunt?
1027 3514 1130 3573 hnnon
1152 3507 1407 3588 segorbiensiurn,
1424 3504 1595 3584 Emporien·
1668 3524 1672 3537 ·

374 3614 461 3692 dum,
478 3621 513 3678 et
522 3618 772 3691 t'asledanorum,
796 3621 829 3678 ut
844 3618 882 3677 de
897 3615 1020 3692 reliquis
1035 3619 1161 3686 taceam,
1176 3608 1376 3689 amplissimae
1389 3611 1459 3668 sont
1470 3604 1598 3665 ditiones

375 3713 538 3782 habendae.
554 3716 666 3791 quibus
696 3717 766 3775 sotis
785 3715 859 3775 treta
876 3713 1097 3795 spectatissima
1111 3712 1223 3772 loaona
1240 3709 1358 3769 Fotohia
1386 3702 1542 3765 tortissimi
1559 3717 1594 3759 ae

375 3812 586 3891 sapientissimi
604 3814 746 3893 Alphonsi
765 3817 934 3893 drogonum
950 3831 985 3873 ac
998 3810 1193 3873 siciliensium
1210 3809 1299 3886 Regis
1312 3823 1406 3880 uxor,
1424 3801 1460 3861 ad
1477 3797 1592 3874 regiam

378 3904 524 3967 iudanam
542 3905 690 3967 instructa
719 3911 751 3967 et
773 3913 877 3987 parata
893 3904 974 3969 tuit?
989 3909 1091 3967 hnnon
1106 3921 1241 3966 summus
1264 3901 1385 3962 honoris
1399 3896 1511 3975 gradus
1525 3910 1593 3954 een·

376 4003 481 4064 sendus
498 4008 560 4081 est,
577 4003 654 4065 inter
669 4006 819 4084 principes
834 4005 1009 4084 amplissimi
1024 4004 1182 4082 Hispaniae
1204 4002 1376 4077 magnatum
1392 3992 1511 4052 Ordinis
1527 4006 1596 4051 eon·
1696 4016 1700 4025 ·

376 4098 514 4177 scriptam
537 4100 620 4159 nasci
633 4099 649 4162 i
661 4100 763 4160 Honos
778 4100 891 4179 quippe
907 4099 1040 4160 omnium
1063 4115 1180 4172 eorunr,
1197 4094 1247 4171 qui
1270 4089 1411 4152 distrihui
1426 4089 1554 4165 possunt
1576 4102 1594 4146 a

379 4215 476 4279 regum
491 4200 634 4270 maximo,
651 4201 816 4261 maximus:
835 4203 940 4277 utpote
950 4216 1012 4276 quo
1026 4197 1140 4258 nonnisi
1163 4194 1313 4254 donentur
1325 4189 1342 4248 ii
1359 4187 1510 4267 principes
1525 4185 1593 4257 riri,

377 4295 469 4370 quiet
483 4294 580 4372 regio,
603 4300 657 4355 aut
686 4298 769 4355 certe
783 4282 982 4356 summo'ioco
1010 4292 1070 4353 nati
1086 4292 1169 4362 sunt,
1185 4292 1215 4348 et
1232 4284 1363 4347 maxime
1384 4280 1506 4360 egregia
1521 4296 1594 4356 pace

378 4385 511 4465 belloque
526 4392 612 4466 parta
637 4388 731 4467 gloria
746 4385 997 4467 praestantissimi
1011 4386 1195 4447 claruerunt.
1212 4379 1320 4459 Regias
1335 4392 1406 4437 uero
1418 4371 1590 4436 necessitu-

380 4484 455 4547 dines
469 4487 545 4564 quid
558 4503 616 4565 ego
631 4503 873 4559 commemorem,
891 4500 1033 4561 quarum,
1052 4485 1085 4542 ut
1100 4475 1382 4548 luculentissimum,
1399 4471 1440 4532 ita
1453 4466 1532 4530 omni
1545 4466 1592 4528 di·

375 4584 484 4657 gnitate
501 4583 707 4660 plenissimum
723 4584 929 4645 testimonium
945 4580 1049 4642 dicunt
1063 4577 1242 4656 amplissima
1259 4588 1449 4656 regna,qoae
1464 4569 1501 4629 ab
1517 4567 1589 4628 dra·

378 4681 455 4754 goch
482 4679 511 4740 in
528 4682 779 4759 augustissimam
796 4681 984 4743 dustriaoam
1010 4682 1131 4757 gentem
1157 4673 1312 4754 sanguinis
1333 4670 1402 4746 jure
1416 4664 1589 4727 transmissa

382 4767 473 4836 suut?
486 4774 529 4836 tle
544 4777 680 4855 reliquis,
700 4777 843 4857 temporis
858 4780 1029 4857 angustiae,
1051 4779 1083 4836 et
1097 4775 1209 4852 majora
1226 4786 1327 4834 rerum
1342 4765 1470 4828 aliarum
1496 4781 1588 4859 argu·j
