<?xml version="1.0" encoding="UTF-8"?>
<!DOCTYPE html PUBLIC "-//W3C//DTD XHTML 1.0 Transitional//EN"
    "http://www.w3.org/TR/xhtml1/DTD/xhtml1-transitional.dtd">
<html xmlns="http://www.w3.org/1999/xhtml" xml:lang="en" lang="en">
 <head>
  <title>
</title>
<meta http-equiv="Content-Type" content="text/html;charset=utf-8" />
  <meta name='ocr-system' content='tesseract 3.04.00' />
  <meta name='ocr-capabilities' content='ocr_page ocr_carea ocr_par ocr_line ocrx_word'/>
</head>
<body>
  <div class='ocr_page' id='page_1' title='image "./operedigiambatt01ferrgoog_0048.png"; bbox 0 0 3942 5592; ppageno 0'>
   <div class='ocr_carea' id='block_1_1' title="bbox 534 612 1657 1621">
    <p class='ocr_par' dir='ltr' id='par_1_1' title="bbox 538 612 1329 694">
     <span class='ocr_line' id='line_1_1' title="bbox 538 612 1329 694; baseline 0.01 -20"><span class='ocrx_word' id='word_1_1' title='bbox 538 615 602 674; x_wconf 90' lang='lat' dir='ltr'><strong><em>Hoc</em></strong></span> <span class='ocrx_word' id='word_1_2' title='bbox 615 620 702 693; x_wconf 83' lang='lat' dir='ltr'><strong><em>amet,</em></strong></span> <span class='ocrx_word' id='word_1_3' title='bbox 718 617 773 678; x_wconf 90' lang='lat' dir='ltr'><strong><em>boc</em></strong></span> <span class='ocrx_word' id='word_1_4' title='bbox 785 619 902 694; x_wconf 72' lang='lat' dir='ltr'><strong><em>sperarat</em></strong></span> <span class='ocrx_word' id='word_1_5' title='bbox 907 620 1050 694; x_wconf 69' lang='lat' dir='ltr'><strong><em>mocissi</em></strong></span> <span class='ocrx_word' id='word_1_6' title='bbox 1063 624 1203 682; x_wconf 75' lang='lat' dir='ltr'><strong><em>carminis</em></strong></span> <span class='ocrx_word' id='word_1_7' title='bbox 1218 612 1329 682; x_wconf 65' lang='lat' dir='ltr'><strong><em>occid.</em></strong></span> 
     </span>
    </p>

    <p class='ocr_par' dir='ltr' id='par_1_2' title="bbox 534 706 1657 1621">
     <span class='ocr_line' id='line_1_2' title="bbox 577 706 1257 790; baseline 0.013 -24"><span class='ocrx_word' id='word_1_8' title='bbox 577 707 615 766; x_wconf 84' lang='lat' dir='ltr'><strong><em>Io</em></strong></span> <span class='ocrx_word' id='word_1_9' title='bbox 625 706 720 769; x_wconf 86' lang='lat' dir='ltr'><strong><em>verbis</em></strong></span> <span class='ocrx_word' id='word_1_10' title='bbox 733 711 819 769; x_wconf 84' lang='lat' dir='ltr'><strong><em>ettam</em></strong></span> <span class='ocrx_word' id='word_1_11' title='bbox 832 710 928 767; x_wconf 79' lang='lat' dir='ltr'><strong><em>tenoris</em></strong></span> <span class='ocrx_word' id='word_1_12' title='bbox 942 711 1102 783; x_wconf 81' lang='lat' dir='ltr'><strong><em>cautusque</em></strong></span> <span class='ocrx_word' id='word_1_13' title='bbox 1115 713 1257 790; x_wconf 77' lang='lat' dir='ltr'><strong><em>serendis,</em></strong></span> 
     </span>
     <span class='ocr_line' id='line_1_3' title="bbox 536 797 1212 879; baseline 0.009 -22"><span class='ocrx_word' id='word_1_14' title='bbox 536 798 661 860; x_wconf 76' lang='lat' dir='ltr'><strong><em>Dixeris</em></strong></span> <span class='ocrx_word' id='word_1_15' title='bbox 676 803 802 879; x_wconf 74' lang='lat' dir='ltr'><strong><em>egregie,</em></strong></span> <span class='ocrx_word' id='word_1_16' title='bbox 815 801 955 860; x_wconf 72' lang='lat' dir='ltr'><strong><em>actumst</em></strong></span> <span class='ocrx_word' id='word_1_17' title='bbox 968 797 1081 863; x_wconf 85' lang='lat' dir='ltr'><strong><em>collido</em></strong></span> <span class='ocrx_word' id='word_1_18' title='bbox 1094 800 1212 863; x_wconf 81' lang='lat' dir='ltr'><strong><em>verbum</em></strong></span> 
     </span>
     <span class='ocr_line' id='line_1_4' title="bbox 538 895 1424 981; baseline 0.002 -26"><span class='ocrx_word' id='word_1_19' title='bbox 538 895 712 957; x_wconf 86' lang='lat' dir='ltr'><strong><em>ticddiderit</em></strong></span> <span class='ocrx_word' id='word_1_20' title='bbox 725 899 866 969; x_wconf 77' lang='lat' dir='ltr'><strong><em>iunctura</em></strong></span> <span class='ocrx_word' id='word_1_21' title='bbox 877 912 994 956; x_wconf 78' lang='lat' dir='ltr'><strong><em>acaum</em></strong></span> <span class='ocrx_word' id='word_1_22' title='bbox 1012 897 1046 958; x_wconf 86' lang='lat' dir='ltr'><strong><em>Si</em></strong></span> <span class='ocrx_word' id='word_1_23' title='bbox 1058 895 1137 973; x_wconf 77' lang='lat' dir='ltr'><strong><em>sorte</em></strong></span> <span class='ocrx_word' id='word_1_24' title='bbox 1149 916 1264 961; x_wconf 84' lang='lat' dir='ltr'><strong><em>necesse</em></strong></span> <span class='ocrx_word' id='word_1_25' title='bbox 1277 903 1321 961; x_wconf 86' lang='lat' dir='ltr'><strong><em>cst</em></strong></span> <span class='ocrx_word' id='word_1_26' title='bbox 1420 970 1424 981; x_wconf 81' lang='lat'>.</span> 
     </span>
     <span class='ocr_line' id='line_1_5' title="bbox 535 984 1248 1060; baseline 0.004 -15"><span class='ocrx_word' id='word_1_27' title='bbox 535 984 659 1047; x_wconf 83' lang='lat' dir='ltr'><strong><em>Indicic&#39;s</em></strong></span> <span class='ocrx_word' id='word_1_28' title='bbox 672 990 832 1048; x_wconf 77' lang='lat' dir='ltr'><strong><em>monstraro</em></strong></span> <span class='ocrx_word' id='word_1_29' title='bbox 845 986 1008 1048; x_wconf 75' lang='lat' dir='ltr'><strong><em>recentibus</em></strong></span> <span class='ocrx_word' id='word_1_30' title='bbox 1021 985 1125 1048; x_wconf 87' lang='lat' dir='ltr'><strong><em>obdita</em></strong></span> <span class='ocrx_word' id='word_1_31' title='bbox 1138 1005 1248 1060; x_wconf 73' lang='lat' dir='ltr'><strong><em>certem,-</em></strong></span> 
     </span>
     <span class='ocr_line' id='line_1_6' title="bbox 535 1078 1185 1156; baseline 0.003 -16"><span class='ocrx_word' id='word_1_32' title='bbox 535 1080 662 1155; x_wconf 80' lang='lat' dir='ltr'><strong><em>Ftoperc</em></strong></span> <span class='ocrx_word' id='word_1_33' title='bbox 671 1082 807 1140; x_wconf 80' lang='lat' dir='ltr'><strong><em>ciodutis</em></strong></span> <span class='ocrx_word' id='word_1_34' title='bbox 820 1094 880 1138; x_wconf 82' lang='lat' dir='ltr'><strong><em>ooo</em></strong></span> <span class='ocrx_word' id='word_1_35' title='bbox 892 1080 1038 1140; x_wconf 77' lang='lat' dir='ltr'><strong><em>exaudita</em></strong></span> <span class='ocrx_word' id='word_1_36' title='bbox 1053 1078 1185 1156; x_wconf 81' lang='lat' dir='ltr'><strong><em>Cetbcgis</em></strong></span> 
     </span>
     <span class='ocr_line' id='line_1_7' title="bbox 536 1170 1333 1251; baseline 0 -21"><span class='ocrx_word' id='word_1_37' title='bbox 536 1170 704 1251; x_wconf 75' lang='lat' dir='ltr'><strong><em>cmusopet3</em></strong></span> <span class='ocrx_word' id='word_1_38' title='bbox 721 1171 898 1249; x_wconf 75' lang='lat' dir='ltr'><strong><em>dabiturque</em></strong></span> <span class='ocrx_word' id='word_1_39' title='bbox 910 1170 1029 1233; x_wconf 83' lang='lat' dir='ltr'><strong><em>ticentio</em></strong></span> <span class='ocrx_word' id='word_1_40' title='bbox 1041 1175 1158 1250; x_wconf 82' lang='lat' dir='ltr'><strong><em>sumpto</em></strong></span> <span class='ocrx_word' id='word_1_41' title='bbox 1170 1174 1333 1250; x_wconf 65' lang='lat' dir='ltr'><strong><em>poderam</em></strong></span> 
     </span>
     <span class='ocr_line' id='line_1_8' title="bbox 534 1264 1318 1355; baseline -0.003 -27"><span class='ocrx_word' id='word_1_42' title='bbox 534 1265 798 1345; x_wconf 62' lang='lat' dir='ltr'><strong><em>armoricaque</em></strong></span> <span class='ocrx_word' id='word_1_43' title='bbox 809 1282 907 1344; x_wconf 77' lang='lat' dir='ltr'><strong><em>caper</em></strong></span> <span class='ocrx_word' id='word_1_44' title='bbox 920 1264 1062 1328; x_wconf 76' lang='lat' dir='ltr'><strong><em>trabebant</em></strong></span> <span class='ocrx_word' id='word_1_45' title='bbox 1076 1266 1166 1327; x_wconf 84' lang='lat' dir='ltr'><strong><em>aerbo</em></strong></span> <span class='ocrx_word' id='word_1_46' title='bbox 1174 1266 1275 1355; x_wconf 70' lang='lat' dir='ltr'><strong><em>fidem,</em></strong></span> <span class='ocrx_word' id='word_1_47' title='bbox 1290 1273 1318 1328; x_wconf 89' lang='lat' dir='ltr'><strong><em>si</em></strong></span> 
     </span>
     <span class='ocr_line' id='line_1_9' title="bbox 537 1359 1327 1449; baseline 0.001 -27"><span class='ocrx_word' id='word_1_48' title='bbox 537 1361 649 1422; x_wconf 83' lang='lat' dir='ltr'><strong><em>Gracco</em></strong></span> <span class='ocrx_word' id='word_1_49' title='bbox 660 1360 745 1449; x_wconf 77' lang='lat' dir='ltr'><strong><em>scote</em></strong></span> <span class='ocrx_word' id='word_1_50' title='bbox 758 1364 878 1442; x_wconf 82' lang='lat' dir='ltr'><strong><em>cadoci,</em></strong></span> <span class='ocrx_word' id='word_1_51' title='bbox 888 1378 981 1440; x_wconf 83' lang='lat' dir='ltr'><strong><em>parce</em></strong></span> <span class='ocrx_word' id='word_1_52' title='bbox 994 1363 1117 1422; x_wconf 86' lang='lat' dir='ltr'><strong><em>detorto.</em></strong></span> <span class='ocrx_word' id='word_1_53' title='bbox 1135 1359 1217 1435; x_wconf 82' lang='lat' dir='ltr'><strong><em>Ouid</em></strong></span> <span class='ocrx_word' id='word_1_54' title='bbox 1229 1365 1327 1423; x_wconf 82' lang='lat' dir='ltr'><strong><em>cutem</em></strong></span> 
     </span>
     <span class='ocr_line' id='line_1_10' title="bbox 536 1450 1657 1530; baseline 0 -18"><span class='ocrx_word' id='word_1_55' title='bbox 536 1451 663 1512; x_wconf 72' lang='lat' dir='ltr'><strong><em>Caedite</em></strong></span> <span class='ocrx_word' id='word_1_56' title='bbox 676 1450 846 1527; x_wconf 81' lang='lat' dir='ltr'><strong><em>Plautoque</em></strong></span> <span class='ocrx_word' id='word_1_57' title='bbox 860 1451 943 1513; x_wconf 81' lang='lat' dir='ltr'><strong><em>dubit</em></strong></span> <span class='ocrx_word' id='word_1_58' title='bbox 959 1452 1118 1529; x_wconf 76' lang='lat' dir='ltr'><strong><em>Homerus,</em></strong></span> <span class='ocrx_word' id='word_1_59' title='bbox 1131 1451 1299 1530; x_wconf 80' lang='lat' dir='ltr'><strong><em>ademptum</em></strong></span> <span class='ocrx_word' id='word_1_60' title='bbox 1653 1520 1657 1529; x_wconf 49' lang='lat'>‚</span> 
     </span>
     <span class='ocr_line' id='line_1_11' title="bbox 539 1536 1596 1621; baseline 0.005 -19"><span class='ocrx_word' id='word_1_61' title='bbox 539 1542 663 1621; x_wconf 74' lang='lat' dir='ltr'><strong><em>Virgilio</em></strong></span> <span class='ocrx_word' id='word_1_62' title='bbox 682 1536 858 1619; x_wconf 80' lang='lat' dir='ltr'><strong><em>Varioque?</em></strong></span> <span class='ocrx_word' id='word_1_63' title='bbox 873 1542 936 1621; x_wconf 76' lang='lat' dir='ltr'><strong><em>Ego</em></strong></span> <span class='ocrx_word' id='word_1_64' title='bbox 949 1559 1011 1619; x_wconf 86' lang='lat' dir='ltr'><strong><em>cor,</em></strong></span> <span class='ocrx_word' id='word_1_65' title='bbox 1026 1545 1178 1620; x_wconf 71' lang='lat' dir='ltr'><strong><em>ocprdcere</em></strong></span> <span class='ocrx_word' id='word_1_66' title='bbox 1188 1560 1288 1620; x_wconf 86' lang='lat' dir='ltr'><strong><em>pauco</em></strong></span> <span class='ocrx_word' id='word_1_67' title='bbox 1558 1547 1596 1607; x_wconf 75' lang='lat'><strong><em>55</em></strong></span> 
     </span>
    </p>
   </div>
   <div class='ocr_carea' id='block_1_2' title="bbox 375 1685 1595 1940">
    <p class='ocr_par' dir='ltr' id='par_1_3' title="bbox 375 1685 1595 1940">
     <span class='ocr_line' id='line_1_12' title="bbox 378 1685 1594 1760; baseline 0.002 -17"><span class='ocrx_word' id='word_1_68' title='bbox 378 1695 405 1743; x_wconf 90' lang='lat' dir='ltr'><strong><em>et</em></strong></span> <span class='ocrx_word' id='word_1_69' title='bbox 417 1687 555 1758; x_wconf 85' lang='lat' dir='ltr'><strong><em>cuiusque</em></strong></span> <span class='ocrx_word' id='word_1_70' title='bbox 568 1701 660 1745; x_wconf 89' lang='lat' dir='ltr'><strong><em>semen</em></strong></span> <span class='ocrx_word' id='word_1_71' title='bbox 673 1688 706 1744; x_wconf 90' lang='lat' dir='ltr'><strong><em>ab</em></strong></span> <span class='ocrx_word' id='word_1_72' title='bbox 720 1685 801 1757; x_wconf 88' lang='lat' dir='ltr'><strong><em>stirpe</em></strong></span> <span class='ocrx_word' id='word_1_73' title='bbox 816 1701 864 1757; x_wconf 89' lang='lat' dir='ltr'><strong><em>per</em></strong></span> <span class='ocrx_word' id='word_1_74' title='bbox 877 1702 959 1743; x_wconf 90' lang='lat' dir='ltr'><strong><em>suum</em></strong></span> <span class='ocrx_word' id='word_1_75' title='bbox 973 1692 1112 1759; x_wconf 89' lang='lat' dir='ltr'><strong><em>truncum,</em></strong></span> <span class='ocrx_word' id='word_1_76' title='bbox 1126 1701 1244 1759; x_wconf 89' lang='lat' dir='ltr'><strong><em>ramum,</em></strong></span> <span class='ocrx_word' id='word_1_77' title='bbox 1259 1685 1370 1760; x_wconf 78' lang='lat' dir='ltr'><strong><em>ramale,</em></strong></span> <span class='ocrx_word' id='word_1_78' title='bbox 1387 1687 1503 1760; x_wconf 86' lang='lat' dir='ltr'><strong><em>stolum,</em></strong></span> <span class='ocrx_word' id='word_1_79' title='bbox 1518 1691 1594 1760; x_wconf 90' lang='lat' dir='ltr'><strong><em>prius</em></strong></span> 
     </span>
     <span class='ocr_line' id='line_1_13' title="bbox 375 1777 1595 1854; baseline 0.004 -20"><span class='ocrx_word' id='word_1_80' title='bbox 375 1780 479 1854; x_wconf 87' lang='lat' dir='ltr'><strong><em>tlorem,</em></strong></span> <span class='ocrx_word' id='word_1_81' title='bbox 498 1779 593 1837; x_wconf 87' lang='lat' dir='ltr'><strong><em>deindo</em></strong></span> <span class='ocrx_word' id='word_1_82' title='bbox 606 1781 730 1838; x_wconf 78' lang='lat' dir='ltr'><strong><em>fructum</em></strong></span> <span class='ocrx_word' id='word_1_83' title='bbox 743 1778 844 1834; x_wconf 80' lang='lat' dir='ltr'><strong><em>educit.</em></strong></span> <span class='ocrx_word' id='word_1_84' title='bbox 859 1777 901 1835; x_wconf 82' lang='lat' dir='ltr'><strong><em>Ad</em></strong></span> <span class='ocrx_word' id='word_1_85' title='bbox 913 1779 965 1835; x_wconf 90' lang='lat' dir='ltr'><strong><em>hoc</em></strong></span> <span class='ocrx_word' id='word_1_86' title='bbox 978 1778 1133 1850; x_wconf 81' lang='lat' dir='ltr'><strong><em>exemplum</em></strong></span> <span class='ocrx_word' id='word_1_87' title='bbox 1145 1778 1322 1852; x_wconf 81' lang='lat' dir='ltr'><strong><em>quae&#39;ordine</em></strong></span> <span class='ocrx_word' id='word_1_88' title='bbox 1335 1778 1483 1852; x_wconf 92' lang='lat' dir='ltr'><strong><em>dicuntur,</em></strong></span> <span class='ocrx_word' id='word_1_89' title='bbox 1497 1789 1595 1839; x_wconf 91' lang='lat' dir='ltr'><strong><em>natura</em></strong></span> 
     </span>
     <span class='ocr_line' id='line_1_14' title="bbox 378 1865 1594 1940; baseline 0.005 -18"><span class='ocrx_word' id='word_1_90' title='bbox 378 1867 431 1924; x_wconf 90' lang='lat' dir='ltr'><strong><em>dici</em></strong></span> <span class='ocrx_word' id='word_1_91' title='bbox 443 1870 581 1926; x_wconf 87' lang='lat' dir='ltr'><strong><em>ridentur.</em></strong></span> <span class='ocrx_word' id='word_1_92' title='bbox 596 1869 664 1926; x_wconf 86' lang='lat' dir='ltr'><strong><em>Hinc</em></strong></span> <span class='ocrx_word' id='word_1_93' title='bbox 678 1869 745 1925; x_wconf 89' lang='lat' dir='ltr'><strong><em>miro</em></strong></span> <span class='ocrx_word' id='word_1_94' title='bbox 759 1865 804 1924; x_wconf 89' lang='lat' dir='ltr'><strong><em>ilia</em></strong></span> <span class='ocrx_word' id='word_1_95' title='bbox 816 1868 842 1924; x_wconf 90' lang='lat' dir='ltr'><strong><em>in</em></strong></span> <span class='ocrx_word' id='word_1_96' title='bbox 855 1869 973 1925; x_wconf 87' lang='lat' dir='ltr'><strong><em>oratione</em></strong></span> <span class='ocrx_word' id='word_1_97' title='bbox 986 1868 1073 1924; x_wconf 73' lang='lat' dir='ltr'><strong><em>virtus</em></strong></span> <span class='ocrx_word' id='word_1_98' title='bbox 1087 1868 1160 1940; x_wconf 88' lang='lat' dir='ltr'><strong><em>latet,</em></strong></span> <span class='ocrx_word' id='word_1_99' title='bbox 1174 1884 1244 1940; x_wconf 91' lang='lat' dir='ltr'><strong><em>quae</em></strong></span> <span class='ocrx_word' id='word_1_100' title='bbox 1257 1869 1407 1925; x_wconf 80' lang='lat' dir='ltr'><strong>auditorem</strong></span> <span class='ocrx_word' id='word_1_101' title='bbox 1421 1870 1528 1940; x_wconf 76' lang='lat' dir='ltr'><strong><em>detinet,</em></strong></span> <span class='ocrx_word' id='word_1_102' title='bbox 1543 1887 1594 1928; x_wconf 88' lang='lat' dir='ltr'><strong><em>nec</em></strong></span> 
     </span>
    </p>
   </div>
   <div class='ocr_carea' id='block_1_3' title="bbox 374 1958 1595 2208">
    <p class='ocr_par' dir='ltr' id='par_1_4' title="bbox 374 1958 1595 2208">
     <span class='ocr_line' id='line_1_15' title="bbox 377 1958 1595 2033; baseline 0.001 -14"><span class='ocrx_word' id='word_1_103' title='bbox 377 1960 509 2019; x_wconf 88' lang='lat' dir='ltr'><strong><em>lectorem</em></strong></span> <span class='ocrx_word' id='word_1_104' title='bbox 522 1961 585 2018; x_wconf 87' lang='lat' dir='ltr'><strong><em>sinit</em></strong></span> <span class='ocrx_word' id='word_1_105' title='bbox 597 1961 706 2031; x_wconf 79' lang='lat' dir='ltr'><strong><em>librum,</em></strong></span> <span class='ocrx_word' id='word_1_106' title='bbox 720 1960 769 2017; x_wconf 90' lang='lat' dir='ltr'><strong><em>nisi</em></strong></span> <span class='ocrx_word' id='word_1_107' title='bbox 783 1958 946 2032; x_wconf 90' lang='lat' dir='ltr'><strong><em>perlectum,</em></strong></span> <span class='ocrx_word' id='word_1_108' title='bbox 961 1959 1127 2033; x_wconf 87' lang='lat' dir='ltr'><strong><em>relinquere:</em></strong></span> <span class='ocrx_word' id='word_1_109' title='bbox 1143 1961 1282 2032; x_wconf 86' lang='lat' dir='ltr'><strong><em>quiahoc,</em></strong></span> <span class='ocrx_word' id='word_1_110' title='bbox 1296 1975 1378 2031; x_wconf 86' lang='lat' dir='ltr'><strong><em>quam</em></strong></span> <span class='ocrx_word' id='word_1_111' title='bbox 1393 1959 1510 2019; x_wconf 80' lang='lat' dir='ltr'><strong><em>dicimus</em></strong></span> <span class='ocrx_word' id='word_1_112' title='bbox 1523 1963 1595 2021; x_wconf 88' lang='lat' dir='ltr'><strong><em>idea·</em></strong></span> 
     </span>
     <span class='ocr_line' id='line_1_16' title="bbox 374 2045 1592 2123; baseline 0.003 -21"><span class='ocrx_word' id='word_1_113' title='bbox 374 2062 435 2104; x_wconf 90' lang='lat' dir='ltr'><strong><em>rum</em></strong></span> <span class='ocrx_word' id='word_1_114' title='bbox 449 2048 595 2123; x_wconf 78' lang='lat' dir='ltr'><strong><em>analysim,</em></strong></span> <span class='ocrx_word' id='word_1_115' title='bbox 610 2049 696 2120; x_wconf 89' lang='lat' dir='ltr'><strong><em>prima</em></strong></span> <span class='ocrx_word' id='word_1_116' title='bbox 708 2046 908 2121; x_wconf 86' lang='lat' dir='ltr'><strong><em>quodammodo</em></strong></span> <span class='ocrx_word' id='word_1_117' title='bbox 922 2061 950 2101; x_wconf 88' lang='lat' dir='ltr'><strong><em>se</em></strong></span> <span class='ocrx_word' id='word_1_118' title='bbox 964 2045 1099 2118; x_wconf 89' lang='lat' dir='ltr'><strong><em>aperiunt,</em></strong></span> <span class='ocrx_word' id='word_1_119' title='bbox 1113 2052 1144 2102; x_wconf 93' lang='lat' dir='ltr'><strong><em>ut</em></strong></span> <span class='ocrx_word' id='word_1_120' title='bbox 1157 2063 1219 2103; x_wconf 81' lang='lat' dir='ltr'><strong><em>mox</em></strong></span> <span class='ocrx_word' id='word_1_121' title='bbox 1232 2046 1338 2118; x_wconf 89' lang='lat' dir='ltr'><strong><em>pariant</em></strong></span> <span class='ocrx_word' id='word_1_122' title='bbox 1350 2053 1420 2118; x_wconf 91' lang='lat' dir='ltr'><strong><em>quae</em></strong></span> <span class='ocrx_word' id='word_1_123' title='bbox 1431 2057 1592 2120; x_wconf 89' lang='lat' dir='ltr'><strong><em>sequuntur.</em></strong></span> 
     </span>
     <span class='ocr_line' id='line_1_17' title="bbox 376 2130 1594 2208; baseline -0.002 -15"><span class='ocrx_word' id='word_1_124' title='bbox 376 2139 442 2193; x_wconf 88' lang='lat' dir='ltr'><strong><em>Hinc</em></strong></span> <span class='ocrx_word' id='word_1_125' title='bbox 456 2136 502 2192; x_wconf 88' lang='lat' dir='ltr'><strong><em>illa</em></strong></span> <span class='ocrx_word' id='word_1_126' title='bbox 515 2136 611 2192; x_wconf 86' lang='lat' dir='ltr'><strong><em>eximia</em></strong></span> <span class='ocrx_word' id='word_1_127' title='bbox 624 2135 760 2192; x_wconf 88' lang='lat' dir='ltr'><strong><em>dictorum</em></strong></span> <span class='ocrx_word' id='word_1_128' title='bbox 773 2133 845 2204; x_wconf 88' lang='lat' dir='ltr'><strong><em>laus,</em></strong></span> <span class='ocrx_word' id='word_1_129' title='bbox 860 2137 891 2188; x_wconf 91' lang='lat' dir='ltr'><strong><em>ut</em></strong></span> <span class='ocrx_word' id='word_1_130' title='bbox 903 2130 947 2188; x_wconf 90' lang='lat' dir='ltr'><strong><em>alii</em></strong></span> <span class='ocrx_word' id='word_1_131' title='bbox 959 2130 1084 2203; x_wconf 85' lang='lat' dir='ltr'><strong><em>quamvis</em></strong></span> <span class='ocrx_word' id='word_1_132' title='bbox 1098 2133 1183 2204; x_wconf 89' lang='lat' dir='ltr'><strong><em>acuti,</em></strong></span> <span class='ocrx_word' id='word_1_133' title='bbox 1198 2132 1219 2188; x_wconf 88' lang='lat' dir='ltr'><strong><em>si</em></strong></span> <span class='ocrx_word' id='word_1_134' title='bbox 1234 2138 1348 2187; x_wconf 88' lang='lat' dir='ltr'><strong><em>aetatem</em></strong></span> <span class='ocrx_word' id='word_1_135' title='bbox 1361 2131 1490 2205; x_wconf 81' lang='lat' dir='ltr'><strong><em>cogitent,</em></strong></span> <span class='ocrx_word' id='word_1_136' title='bbox 1505 2136 1594 2208; x_wconf 91' lang='lat' dir='ltr'><strong><em>magis</em></strong></span> 
     </span>
    </p>
   </div>
   <div class='ocr_carea' id='block_1_4' title="bbox 374 2222 1596 2301">
    <p class='ocr_par' dir='ltr' id='par_1_5' title="bbox 374 2222 1596 2301">
     <span class='ocr_line' id='line_1_18' title="bbox 374 2222 1596 2301; baseline -0.003 -14"><span class='ocrx_word' id='word_1_137' title='bbox 374 2229 482 2301; x_wconf 80' lang='lat' dir='ltr'><strong><em>proprie</em></strong></span> <span class='ocrx_word' id='word_1_138' title='bbox 496 2229 588 2286; x_wconf 83' lang='lat' dir='ltr'><strong><em>dicere</em></strong></span> <span class='ocrx_word' id='word_1_139' title='bbox 601 2244 656 2285; x_wconf 90' lang='lat' dir='ltr'><strong><em>non</em></strong></span> <span class='ocrx_word' id='word_1_140' title='bbox 669 2227 791 2299; x_wconf 68' lang='lat' dir='ltr'><strong><em>possint:⁴</em></strong></span> <span class='ocrx_word' id='word_1_141' title='bbox 807 2240 861 2298; x_wconf 91' lang='lat' dir='ltr'><strong><em>qua</em></strong></span> <span class='ocrx_word' id='word_1_142' title='bbox 874 2239 907 2283; x_wconf 85' lang='lat' dir='ltr'><strong><em>ex</em></strong></span> <span class='ocrx_word' id='word_1_143' title='bbox 921 2239 1042 2295; x_wconf 89' lang='lat' dir='ltr'><strong><em>caussa,</em></strong></span> <span class='ocrx_word' id='word_1_144' title='bbox 1056 2239 1105 2280; x_wconf 88' lang='lat' dir='ltr'><strong><em>nec</em></strong></span> <span class='ocrx_word' id='word_1_145' title='bbox 1119 2223 1226 2281; x_wconf 77' lang='lat' dir='ltr'><strong><em>aliunde</em></strong></span> <span class='ocrx_word' id='word_1_146' title='bbox 1238 2222 1378 2296; x_wconf 88' lang='lat' dir='ltr'><strong><em>praeclara</em></strong></span> <span class='ocrx_word' id='word_1_147' title='bbox 1391 2224 1542 2297; x_wconf 88' lang='lat' dir='ltr'><strong><em>sapientum</em></strong></span> <span class='ocrx_word' id='word_1_148' title='bbox 1556 2226 1596 2283; x_wconf 93' lang='lat' dir='ltr'><strong><em>di·</em></strong></span> 
     </span>
    </p>
   </div>
   <div class='ocr_carea' id='block_1_5' title="bbox 374 2318 1595 2473">
    <p class='ocr_par' dir='ltr' id='par_1_6' title="bbox 374 2318 1595 2473">
     <span class='ocr_line' id='line_1_19' title="bbox 374 2318 1595 2473; baseline -0.003 -13"><span class='ocrx_word' id='word_1_149' title='bbox 374 2318 620 2464; x_wconf 47' lang='lat' dir='ltr'><strong><em>suffitum</em></strong></span> <span class='ocrx_word' id='word_1_150' title='bbox 633 2399 733 2473; x_wconf 84' lang='lat' dir='ltr'><strong><em>etiam)</em></strong></span> <span class='ocrx_word' id='word_1_151' title='bbox 749 2390 778 2455; x_wconf 88' lang='lat' dir='ltr'><strong><em>ld</em></strong></span> <span class='ocrx_word' id='word_1_152' title='bbox 790 2398 904 2455; x_wconf 87' lang='lat' dir='ltr'><strong><em>tortasse</em></strong></span> <span class='ocrx_word' id='word_1_153' title='bbox 917 2396 1089 2468; x_wconf 90' lang='lat' dir='ltr'><strong><em>potissimum</em></strong></span> <span class='ocrx_word' id='word_1_154' title='bbox 1103 2397 1185 2452; x_wconf 86' lang='lat' dir='ltr'><strong><em>movit</em></strong></span> <span class='ocrx_word' id='word_1_155' title='bbox 1194 2397 1335 2453; x_wconf 85' lang='lat' dir='ltr'><strong><em>Horatium</em></strong></span> <span class='ocrx_word' id='word_1_156' title='bbox 1344 2396 1379 2453; x_wconf 92' lang='lat' dir='ltr'><strong><em>ad</em></strong></span> <span class='ocrx_word' id='word_1_157' title='bbox 1388 2397 1461 2453; x_wconf 89' lang='lat' dir='ltr'><strong><em>bunc</em></strong></span> <span class='ocrx_word' id='word_1_158' title='bbox 1473 2399 1595 2456; x_wconf 88' lang='lat' dir='ltr'><strong><em>scriben-</em></strong></span> 
     </span>
    </p>
   </div>
   <div class='ocr_carea' id='block_1_6' title="bbox 375 2486 1592 2565">
    <p class='ocr_par' dir='ltr' id='par_1_7' title="bbox 375 2486 1592 2565">
     <span class='ocr_line' id='line_1_20' title="bbox 375 2486 1592 2565; baseline -0.002 -17"><span class='ocrx_word' id='word_1_159' title='bbox 375 2492 439 2548; x_wconf 93' lang='lat' dir='ltr'><strong><em>dum</em></strong></span> <span class='ocrx_word' id='word_1_160' title='bbox 450 2491 486 2548; x_wconf 87' lang='lat' dir='ltr'><strong><em>de</em></strong></span> <span class='ocrx_word' id='word_1_161' title='bbox 501 2495 574 2548; x_wconf 84' lang='lat' dir='ltr'><strong><em>Arte</em></strong></span> <span class='ocrx_word' id='word_1_162' title='bbox 587 2492 711 2547; x_wconf 77' lang='lat' dir='ltr'><strong><em>Portica</em></strong></span> <span class='ocrx_word' id='word_1_163' title='bbox 724 2487 824 2544; x_wconf 90' lang='lat' dir='ltr'><strong><em>librum</em></strong></span> <span class='ocrx_word' id='word_1_164' title='bbox 837 2508 844 2560; x_wconf 81' lang='lat'>3</span> <span class='ocrx_word' id='word_1_165' title='bbox 860 2487 933 2560; x_wconf 89' lang='lat' dir='ltr'><strong><em>quod</em></strong></span> <span class='ocrx_word' id='word_1_166' title='bbox 947 2488 1032 2558; x_wconf 90' lang='lat' dir='ltr'><strong><em>ipsius</em></strong></span> <span class='ocrx_word' id='word_1_167' title='bbox 1046 2486 1212 2543; x_wconf 80' lang='lat' dir='ltr'><strong><em>detractores</em></strong></span> <span class='ocrx_word' id='word_1_168' title='bbox 1226 2486 1346 2545; x_wconf 86' lang='lat' dir='ltr'><strong><em>dicerent</em></strong></span> <span class='ocrx_word' id='word_1_169' title='bbox 1358 2502 1421 2545; x_wconf 91' lang='lat' dir='ltr'><strong><em>eum</em></strong></span> <span class='ocrx_word' id='word_1_170' title='bbox 1436 2492 1532 2565; x_wconf 76' lang='lat' dir='ltr'><strong><em>lyrica</em></strong></span> <span class='ocrx_word' id='word_1_171' title='bbox 1545 2506 1592 2545; x_wconf 84' lang='lat' dir='ltr'><strong><em>vo-</em></strong></span> 
     </span>
    </p>
   </div>
   <div class='ocr_carea' id='block_1_7' title="bbox 372 2575 1595 3554">
    <p class='ocr_par' dir='ltr' id='par_1_8' title="bbox 373 2575 1592 2742">
     <span class='ocr_line' id='line_1_21' title="bbox 374 2575 1591 2654; baseline -0.001 -15"><span class='ocrx_word' id='word_1_172' title='bbox 374 2585 451 2640; x_wconf 84' lang='lat' dir='ltr'><strong><em>cibus</em></strong></span> <span class='ocrx_word' id='word_1_173' title='bbox 464 2582 664 2654; x_wconf 86' lang='lat' dir='ltr'><strong><em>phrasibusque</em></strong></span> <span class='ocrx_word' id='word_1_174' title='bbox 678 2598 693 2638; x_wconf 88' lang='lat' dir='ltr'><strong><em>e</em></strong></span> <span class='ocrx_word' id='word_1_175' title='bbox 706 2595 807 2653; x_wconf 89' lang='lat' dir='ltr'><strong><em>graeca</em></strong></span> <span class='ocrx_word' id='word_1_176' title='bbox 820 2580 847 2635; x_wconf 91' lang='lat' dir='ltr'><strong><em>in</em></strong></span> <span class='ocrx_word' id='word_1_177' title='bbox 860 2579 967 2636; x_wconf 87' lang='lat' dir='ltr'><strong><em>latinam</em></strong></span> <span class='ocrx_word' id='word_1_178' title='bbox 983 2575 1103 2652; x_wconf 86' lang='lat' dir='ltr'><strong><em>linguam</em></strong></span> <span class='ocrx_word' id='word_1_179' title='bbox 1115 2580 1203 2635; x_wconf 83' lang='lat' dir='ltr'><strong><em>versis</em></strong></span> <span class='ocrx_word' id='word_1_180' title='bbox 1217 2580 1402 2650; x_wconf 90' lang='lat' dir='ltr'><strong><em>composuisse</em></strong></span> <span class='ocrx_word' id='word_1_181' title='bbox 1414 2601 1422 2653; x_wconf 80' lang='lat'>3</span> <span class='ocrx_word' id='word_1_182' title='bbox 1437 2596 1553 2653; x_wconf 85' lang='lat' dir='ltr'><strong><em>namquo</em></strong></span> <span class='ocrx_word' id='word_1_183' title='bbox 1564 2582 1591 2638; x_wconf 93' lang='lat' dir='ltr'><strong><em>in</em></strong></span> 
     </span>
     <span class='ocr_line' id='line_1_22' title="bbox 373 2653 1592 2742; baseline -0.002 -17"><span class='ocrx_word' id='word_1_184' title='bbox 373 2670 491 2740; x_wconf 77' lang='lat' dir='ltr'><strong><em>Satyris</em></strong></span> <span class='ocrx_word' id='word_1_185' title='bbox 504 2665 702 2742; x_wconf 80' lang='lat' dir='ltr'><strong><em>Epistotisque</em></strong></span> <span class='ocrx_word' id='word_1_186' title='bbox 715 2672 742 2721; x_wconf 91' lang='lat' dir='ltr'><strong><em>et</em></strong></span> <span class='ocrx_word' id='word_1_187' title='bbox 754 2665 807 2720; x_wconf 91' lang='lat' dir='ltr'><strong><em>hoc</em></strong></span> <span class='ocrx_word' id='word_1_188' title='bbox 820 2665 879 2735; x_wconf 91' lang='lat' dir='ltr'><strong><em>ipso</em></strong></span> <span class='ocrx_word' id='word_1_189' title='bbox 893 2662 929 2720; x_wconf 83' lang='lat' dir='ltr'><strong><em>de</em></strong></span> <span class='ocrx_word' id='word_1_190' title='bbox 941 2653 1014 2721; x_wconf 75' lang='lat' dir='ltr'><strong><em>Arba</em></strong></span> <span class='ocrx_word' id='word_1_191' title='bbox 1027 2664 1095 2721; x_wconf 91' lang='lat' dir='ltr'><strong><em>libro</em></strong></span> <span class='ocrx_word' id='word_1_192' title='bbox 1109 2679 1197 2735; x_wconf 89' lang='lat' dir='ltr'><strong><em>purus</em></strong></span> <span class='ocrx_word' id='word_1_193' title='bbox 1210 2671 1294 2735; x_wconf 91' lang='lat' dir='ltr'><strong><em>putus</em></strong></span> <span class='ocrx_word' id='word_1_194' title='bbox 1303 2666 1423 2739; x_wconf 83' lang='lat' dir='ltr'><strong><em>vulgario</em></strong></span> <span class='ocrx_word' id='word_1_195' title='bbox 1433 2667 1530 2724; x_wconf 90' lang='lat' dir='ltr'><strong><em>latinns</em></strong></span> <span class='ocrx_word' id='word_1_196' title='bbox 1540 2675 1592 2723; x_wconf 78' lang='lat' dir='ltr'><strong><em>est.</em></strong></span> 
     </span>
    </p>

    <p class='ocr_par' dir='ltr' id='par_1_9' title="bbox 372 2749 1594 3004">
     <span class='ocr_line' id='line_1_23' title="bbox 407 2749 1594 2825; baseline -0.001 -15"><span class='ocrx_word' id='word_1_197' title='bbox 407 2754 447 2810; x_wconf 92' lang='lat' dir='ltr'><strong><em>lb.</em></strong></span> <span class='ocrx_word' id='word_1_198' title='bbox 466 2754 583 2825; x_wconf 80' lang='lat' dir='ltr'><strong><em>Tenuis)</em></strong></span> <span class='ocrx_word' id='word_1_199' title='bbox 598 2754 656 2808; x_wconf 90' lang='lat' dir='ltr'><strong><em>Non</em></strong></span> <span class='ocrx_word' id='word_1_200' title='bbox 669 2766 781 2823; x_wconf 87' lang='lat' dir='ltr'><strong><em>parcus,</em></strong></span> <span class='ocrx_word' id='word_1_201' title='bbox 796 2756 828 2807; x_wconf 92' lang='lat' dir='ltr'><strong><em>ut</em></strong></span> <span class='ocrx_word' id='word_1_202' title='bbox 839 2749 923 2823; x_wconf 81' lang='lat' dir='ltr'><strong><em>vulgo</em></strong></span> <span class='ocrx_word' id='word_1_203' title='bbox 937 2749 1147 2821; x_wconf 86' lang='lat' dir='ltr'><strong><em>interpretantur</em></strong></span> <span class='ocrx_word' id='word_1_204' title='bbox 1163 2765 1300 2822; x_wconf 72' lang='lat' dir='ltr'><strong><em>,namque</em></strong></span> <span class='ocrx_word' id='word_1_205' title='bbox 1313 2751 1340 2807; x_wconf 92' lang='lat' dir='ltr'><strong><em>id</em></strong></span> <span class='ocrx_word' id='word_1_206' title='bbox 1353 2752 1517 2824; x_wconf 90' lang='lat' dir='ltr'><strong><em>praecipitur</em></strong></span> <span class='ocrx_word' id='word_1_207' title='bbox 1527 2768 1594 2824; x_wconf 89' lang='lat' dir='ltr'><strong><em>pau-</em></strong></span> 
     </span>
     <span class='ocr_line' id='line_1_24' title="bbox 372 2837 1594 2915; baseline 0.002 -19"><span class='ocrx_word' id='word_1_208' title='bbox 372 2840 397 2897; x_wconf 94' lang='lat' dir='ltr'><strong><em>lo</em></strong></span> <span class='ocrx_word' id='word_1_209' title='bbox 408 2841 521 2899; x_wconf 89' lang='lat' dir='ltr'><strong><em>interius</em></strong></span> <span class='ocrx_word' id='word_1_210' title='bbox 534 2843 562 2897; x_wconf 88' lang='lat' dir='ltr'><strong><em>ia</em></strong></span> <span class='ocrx_word' id='word_1_211' title='bbox 575 2842 664 2897; x_wconf 86' lang='lat' dir='ltr'><strong><em>verbis</em></strong></span> <span class='ocrx_word' id='word_1_212' title='bbox 676 2839 852 2915; x_wconf 74' lang='lat' dir='ltr'><strong><em>dabiturque</em></strong></span> <span class='ocrx_word' id='word_1_213' title='bbox 865 2838 987 2897; x_wconf 84' lang='lat' dir='ltr'><strong><em>licentia</em></strong></span> <span class='ocrx_word' id='word_1_214' title='bbox 999 2845 1119 2914; x_wconf 79' lang='lat' dir='ltr'><strong><em>sumpto</em></strong></span> <span class='ocrx_word' id='word_1_215' title='bbox 1127 2837 1289 2914; x_wconf 81' lang='lat' dir='ltr'><strong><em>patienter,</em></strong></span> <span class='ocrx_word' id='word_1_216' title='bbox 1313 2841 1360 2898; x_wconf 88' lang='lat' dir='ltr'><strong><em>sed</em></strong></span> <span class='ocrx_word' id='word_1_217' title='bbox 1379 2845 1467 2900; x_wconf 89' lang='lat' dir='ltr'><strong><em>tenuis</em></strong></span> <span class='ocrx_word' id='word_1_218' title='bbox 1484 2843 1545 2899; x_wconf 87' lang='lat' dir='ltr'><strong><em>heic</em></strong></span> <span class='ocrx_word' id='word_1_219' title='bbox 1559 2843 1594 2898; x_wconf 91' lang='lat' dir='ltr'><strong><em>si·</em></strong></span> 
     </span>
     <span class='ocr_line' id='line_1_25' title="bbox 373 2928 1186 3004; baseline -0.001 -16"><span class='ocrx_word' id='word_1_220' title='bbox 373 2931 492 3004; x_wconf 78' lang='lat' dir='ltr'><strong><em>gnificat,</em></strong></span> <span class='ocrx_word' id='word_1_221' title='bbox 507 2931 582 3004; x_wconf 91' lang='lat' dir='ltr'><strong><em>quod</em></strong></span> <span class='ocrx_word' id='word_1_222' title='bbox 596 2948 644 2989; x_wconf 87' lang='lat' dir='ltr'><strong><em>nos</em></strong></span> <span class='ocrx_word' id='word_1_223' title='bbox 658 2932 810 2989; x_wconf 85' lang='lat' dir='ltr'><strong><em>diceremus</em></strong></span> <span class='ocrx_word' id='word_1_224' title='bbox 824 2947 878 2987; x_wconf 83' lang='lat' dir='ltr'><strong><em>coc</em></strong></span> <span class='ocrx_word' id='word_1_225' title='bbox 890 2928 1077 2992; x_wconf 78' lang='lat' dir='ltr'><strong><em>dilicateczc.</em></strong></span> <span class='ocrx_word' id='word_1_226' title='bbox 1185 2967 1186 2970; x_wconf 56' lang='lat'><em>=</em></span> 
     </span>
    </p>

    <p class='ocr_par' dir='ltr' id='par_1_10' title="bbox 373 3015 1595 3371">
     <span class='ocr_line' id='line_1_26' title="bbox 410 3015 1593 3090; baseline -0.004 -13"><span class='ocrx_word' id='word_1_227' title='bbox 410 3021 457 3078; x_wconf 84' lang='lat' dir='ltr'><strong><em>ii.</em></strong></span> <span class='ocrx_word' id='word_1_228' title='bbox 473 3021 605 3090; x_wconf 67' lang='lat' dir='ltr'><strong><em>Egregie)</em></strong></span> <span class='ocrx_word' id='word_1_229' title='bbox 621 3019 822 3090; x_wconf 72' lang='lat' dir='ltr'><strong><em>appositissima</em></strong></span> <span class='ocrx_word' id='word_1_230' title='bbox 834 3031 902 3074; x_wconf 81' lang='lat' dir='ltr'><strong><em>voce</em></strong></span> <span class='ocrx_word' id='word_1_231' title='bbox 915 3015 1038 3073; x_wconf 89' lang='lat' dir='ltr'><strong><em>dictum:</em></strong></span> <span class='ocrx_word' id='word_1_232' title='bbox 1059 3029 1121 3071; x_wconf 89' lang='lat' dir='ltr'><strong><em>nam</em></strong></span> <span class='ocrx_word' id='word_1_233' title='bbox 1140 3023 1172 3073; x_wconf 92' lang='lat' dir='ltr'><strong><em>ut</em></strong></span> <span class='ocrx_word' id='word_1_234' title='bbox 1184 3015 1323 3089; x_wconf 89' lang='lat' dir='ltr'><strong><em>egregium</em></strong></span> <span class='ocrx_word' id='word_1_235' title='bbox 1342 3022 1384 3071; x_wconf 87' lang='lat' dir='ltr'><strong><em>est</em></strong></span> <span class='ocrx_word' id='word_1_236' title='bbox 1396 3031 1411 3072; x_wconf 91' lang='lat' dir='ltr'><strong><em>e</em></strong></span> <span class='ocrx_word' id='word_1_237' title='bbox 1424 3033 1506 3090; x_wconf 91' lang='lat' dir='ltr'><strong><em>grege</em></strong></span> <span class='ocrx_word' id='word_1_238' title='bbox 1520 3016 1593 3074; x_wconf 90' lang='lat' dir='ltr'><strong><em>dele·</em></strong></span> 
     </span>
     <span class='ocr_line' id='line_1_27' title="bbox 374 3097 1594 3182; baseline -0.002 -14"><span class='ocrx_word' id='word_1_239' title='bbox 374 3117 463 3182; x_wconf 89' lang='lat' dir='ltr'><strong><em>ctum,</em></strong></span> <span class='ocrx_word' id='word_1_240' title='bbox 478 3110 515 3166; x_wconf 92' lang='lat' dir='ltr'><strong><em>ita</em></strong></span> <span class='ocrx_word' id='word_1_241' title='bbox 528 3109 629 3167; x_wconf 88' lang='lat' dir='ltr'><strong><em>locutio</em></strong></span> <span class='ocrx_word' id='word_1_242' title='bbox 642 3110 748 3180; x_wconf 90' lang='lat' dir='ltr'><strong><em>poetica</em></strong></span> <span class='ocrx_word' id='word_1_243' title='bbox 761 3126 776 3166; x_wconf 90' lang='lat' dir='ltr'><strong><em>e</em></strong></span> <span class='ocrx_word' id='word_1_244' title='bbox 791 3107 894 3182; x_wconf 82' lang='lat' dir='ltr'><strong><em>vulgari</em></strong></span> <span class='ocrx_word' id='word_1_245' title='bbox 905 3123 989 3178; x_wconf 89' lang='lat' dir='ltr'><strong><em>supra</em></strong></span> <span class='ocrx_word' id='word_1_246' title='bbox 998 3106 1140 3180; x_wconf 81' lang='lat' dir='ltr'><strong><em>vulgarem</em></strong></span> <span class='ocrx_word' id='word_1_247' title='bbox 1150 3107 1270 3180; x_wconf 81' lang='lat' dir='ltr'><strong><em>linguam</em></strong></span> <span class='ocrx_word' id='word_1_248' title='bbox 1281 3097 1410 3180; x_wconf 71' lang='lat' dir='ltr'><strong><em>assurgit,</em></strong></span> <span class='ocrx_word' id='word_1_249' title='bbox 1425 3123 1507 3179; x_wconf 88' lang='lat' dir='ltr'><strong><em>quam</em></strong></span> <span class='ocrx_word' id='word_1_250' title='bbox 1517 3123 1594 3179; x_wconf 88' lang='lat' dir='ltr'><strong><em>prae·</em></strong></span> 
     </span>
     <span class='ocr_line' id='line_1_28' title="bbox 373 3204 1595 3280; baseline -0.002 -16"><span class='ocrx_word' id='word_1_251' title='bbox 373 3211 453 3280; x_wconf 89' lang='lat' dir='ltr'><strong><em>cipue</em></strong></span> <span class='ocrx_word' id='word_1_252' title='bbox 466 3209 585 3264; x_wconf 84' lang='lat' dir='ltr'><strong><em>condant</em></strong></span> <span class='ocrx_word' id='word_1_253' title='bbox 596 3207 687 3264; x_wconf 81' lang='lat' dir='ltr'><strong><em>cerba</em></strong></span> <span class='ocrx_word' id='word_1_254' title='bbox 698 3205 735 3264; x_wconf 87' lang='lat' dir='ltr'><strong><em>de</em></strong></span> <span class='ocrx_word' id='word_1_255' title='bbox 748 3205 844 3263; x_wconf 85' lang='lat' dir='ltr'><strong><em>medio</em></strong></span> <span class='ocrx_word' id='word_1_256' title='bbox 856 3204 942 3266; x_wconf 82' lang='lat' dir='ltr'><strong><em>tecto,</em></strong></span> <span class='ocrx_word' id='word_1_257' title='bbox 959 3220 1028 3277; x_wconf 90' lang='lat' dir='ltr'><strong><em>quae</em></strong></span> <span class='ocrx_word' id='word_1_258' title='bbox 1042 3205 1107 3262; x_wconf 92' lang='lat' dir='ltr'><strong><em>dicit</em></strong></span> <span class='ocrx_word' id='word_1_259' title='bbox 1119 3205 1224 3278; x_wconf 85' lang='lat' dir='ltr'><strong><em>Cicero,</em></strong></span> <span class='ocrx_word' id='word_1_260' title='bbox 1238 3207 1338 3278; x_wconf 84' lang='lat' dir='ltr'><strong><em>quibus</em></strong></span> <span class='ocrx_word' id='word_1_261' title='bbox 1349 3206 1375 3261; x_wconf 90' lang='lat' dir='ltr'><strong><em>in</em></strong></span> <span class='ocrx_word' id='word_1_262' title='bbox 1386 3205 1479 3276; x_wconf 89' lang='lat' dir='ltr'><strong><em>primis</em></strong></span> <span class='ocrx_word' id='word_1_263' title='bbox 1490 3207 1541 3264; x_wconf 81' lang='lat' dir='ltr'><strong><em>troc</em></strong></span> <span class='ocrx_word' id='word_1_264' title='bbox 1552 3206 1595 3278; x_wconf 91' lang='lat' dir='ltr'><strong><em>ip-</em></strong></span> 
     </span>
     <span class='ocr_line' id='line_1_29' title="bbox 374 3296 1179 3371; baseline -0.001 -18"><span class='ocrx_word' id='word_1_265' title='bbox 374 3316 435 3356; x_wconf 89' lang='lat' dir='ltr'><strong><em>sum</em></strong></span> <span class='ocrx_word' id='word_1_266' title='bbox 448 3314 564 3356; x_wconf 87' lang='lat' dir='ltr'><strong><em>numero</em></strong></span> <span class='ocrx_word' id='word_1_267' title='bbox 578 3299 625 3355; x_wconf 84' lang='lat' dir='ltr'><strong><em>tit:</em></strong></span> <span class='ocrx_word' id='word_1_268' title='bbox 641 3298 715 3370; x_wconf 91' lang='lat' dir='ltr'><strong><em>quod</em></strong></span> <span class='ocrx_word' id='word_1_269' title='bbox 728 3299 854 3354; x_wconf 84' lang='lat' dir='ltr'><strong><em>Horatius</em></strong></span> <span class='ocrx_word' id='word_1_270' title='bbox 868 3297 934 3353; x_wconf 91' lang='lat' dir='ltr'><strong><em>dicit</em></strong></span> <span class='ocrx_word' id='word_1_271' title='bbox 946 3301 1059 3371; x_wconf 81' lang='lat' dir='ltr'><strong><em>egregie</em></strong></span> <span class='ocrx_word' id='word_1_272' title='bbox 1072 3296 1179 3353; x_wconf 83' lang='lat' dir='ltr'><strong><em>dicere.</em></strong></span> 
     </span>
    </p>

    <p class='ocr_par' dir='ltr' id='par_1_11' title="bbox 411 3387 1282 3461">
     <span class='ocr_line' id='line_1_30' title="bbox 411 3387 1282 3461; baseline -0.003 -15"><span class='ocrx_word' id='word_1_273' title='bbox 411 3389 453 3446; x_wconf 86' lang='lat' dir='ltr'><strong><em>ib.</em></strong></span> <span class='ocrx_word' id='word_1_274' title='bbox 470 3387 602 3461; x_wconf 72' lang='lat' dir='ltr'><strong><em>Callida)</em></strong></span> <span class='ocrx_word' id='word_1_275' title='bbox 618 3390 719 3459; x_wconf 81' lang='lat' dir='ltr'><strong><em>Nempe</em></strong></span> <span class='ocrx_word' id='word_1_276' title='bbox 732 3389 821 3445; x_wconf 89' lang='lat' dir='ltr'><strong><em>tenuis</em></strong></span> <span class='ocrx_word' id='word_1_277' title='bbox 834 3394 862 3443; x_wconf 90' lang='lat' dir='ltr'><strong><em>et</em></strong></span> <span class='ocrx_word' id='word_1_278' title='bbox 874 3395 966 3460; x_wconf 81' lang='lat' dir='ltr'><strong><em>carita,</em></strong></span> <span class='ocrx_word' id='word_1_279' title='bbox 980 3388 1054 3459; x_wconf 86' lang='lat' dir='ltr'><strong><em>quod</em></strong></span> <span class='ocrx_word' id='word_1_280' title='bbox 1068 3389 1195 3461; x_wconf 87' lang='lat' dir='ltr'><strong><em>superius</em></strong></span> <span class='ocrx_word' id='word_1_281' title='bbox 1208 3387 1282 3445; x_wconf 85' lang='lat' dir='ltr'><strong><em>dixit.</em></strong></span> 
     </span>
    </p>

    <p class='ocr_par' dir='ltr' id='par_1_12' title="bbox 414 3480 1534 3554">
     <span class='ocr_line' id='line_1_31' title="bbox 414 3480 1534 3554; baseline -0.001 -14"><span class='ocrx_word' id='word_1_282' title='bbox 414 3485 461 3540; x_wconf 77' lang='lat' dir='ltr'><strong><em>ts.</em></strong></span> <span class='ocrx_word' id='word_1_283' title='bbox 477 3481 591 3538; x_wconf 81' lang='lat' dir='ltr'><strong><em>Abdita</em></strong></span> <span class='ocrx_word' id='word_1_284' title='bbox 603 3480 712 3552; x_wconf 76' lang='lat' dir='ltr'><strong><em>rerum)</em></strong></span> <span class='ocrx_word' id='word_1_285' title='bbox 728 3481 814 3537; x_wconf 74' lang='lat' dir='ltr'><strong><em>Animi</em></strong></span> <span class='ocrx_word' id='word_1_286' title='bbox 829 3483 984 3554; x_wconf 90' lang='lat' dir='ltr'><strong><em>sententias,</em></strong></span> <span class='ocrx_word' id='word_1_287' title='bbox 996 3497 1065 3554; x_wconf 88' lang='lat' dir='ltr'><strong><em>quae</em></strong></span> <span class='ocrx_word' id='word_1_288' title='bbox 1079 3481 1158 3538; x_wconf 83' lang='lat' dir='ltr'><strong><em>latim</em></strong></span> <span class='ocrx_word' id='word_1_289' title='bbox 1173 3481 1334 3539; x_wconf 79' lang='lat' dir='ltr'><strong><em>manifestari</em></strong></span> <span class='ocrx_word' id='word_1_290' title='bbox 1348 3498 1401 3539; x_wconf 91' lang='lat' dir='ltr'><strong><em>non</em></strong></span> <span class='ocrx_word' id='word_1_291' title='bbox 1411 3490 1534 3554; x_wconf 85' lang='lat' dir='ltr'><strong><em>possunt.</em></strong></span> 
     </span>
    </p>
   </div>
   <div class='ocr_carea' id='block_1_8' title="bbox 410 3569 1705 3646">
    <p class='ocr_par' dir='ltr' id='par_1_13' title="bbox 410 3569 1705 3646">
     <span class='ocr_line' id='line_1_32' title="bbox 410 3569 1705 3646; baseline 0.001 -15"><span class='ocrx_word' id='word_1_292' title='bbox 410 3579 457 3631; x_wconf 84' lang='grc'><strong><em>50.</em></strong></span> <span class='ocrx_word' id='word_1_293' title='bbox 475 3571 629 3646; x_wconf 77' lang='lat' dir='ltr'><strong><em>cinctutis)</em></strong></span> <span class='ocrx_word' id='word_1_294' title='bbox 643 3573 734 3641; x_wconf 83' lang='lat' dir='ltr'><strong><em>Quum</em></strong></span> <span class='ocrx_word' id='word_1_295' title='bbox 748 3574 871 3645; x_wconf 89' lang='lat' dir='ltr'><strong><em>antiquos</em></strong></span> <span class='ocrx_word' id='word_1_296' title='bbox 884 3573 959 3645; x_wconf 90' lang='lat' dir='ltr'><strong><em>dicit,</em></strong></span> <span class='ocrx_word' id='word_1_297' title='bbox 975 3575 1085 3645; x_wconf 86' lang='lat' dir='ltr'><strong><em>antiquo</em></strong></span> <span class='ocrx_word' id='word_1_298' title='bbox 1096 3573 1228 3630; x_wconf 88' lang='lat' dir='ltr'><strong><em>vocabulo</em></strong></span> <span class='ocrx_word' id='word_1_299' title='bbox 1241 3572 1359 3645; x_wconf 89' lang='lat' dir='ltr'><strong><em>perbelle</em></strong></span> <span class='ocrx_word' id='word_1_300' title='bbox 1370 3573 1465 3630; x_wconf 89' lang='lat' dir='ltr'><strong><em>utitur:</em></strong></span> <span class='ocrx_word' id='word_1_301' title='bbox 1478 3577 1590 3632; x_wconf 83' lang='lat' dir='ltr'><strong><em>cincto·</em></strong></span> <span class='ocrx_word' id='word_1_302' title='bbox 1700 3569 1705 3579; x_wconf 76' lang='grc'>’</span> 
     </span>
    </p>
   </div>
   <div class='ocr_carea' id='block_1_9' title="bbox 374 3658 1595 4868">
    <p class='ocr_par' dir='ltr' id='par_1_14' title="bbox 374 3658 1594 3978">
     <span class='ocr_line' id='line_1_33' title="bbox 380 3658 1594 3732; baseline 0.002 -16"><span class='ocrx_word' id='word_1_303' title='bbox 380 3665 425 3716; x_wconf 85' lang='lat' dir='ltr'><strong><em>tas</em></strong></span> <span class='ocrx_word' id='word_1_304' title='bbox 438 3659 512 3716; x_wconf 87' lang='lat' dir='ltr'><strong><em>enim</em></strong></span> <span class='ocrx_word' id='word_1_305' title='bbox 524 3658 671 3731; x_wconf 87' lang='lat' dir='ltr'><strong><em>antiquitus</em></strong></span> <span class='ocrx_word' id='word_1_306' title='bbox 685 3659 824 3716; x_wconf 89' lang='lat' dir='ltr'><strong><em>dicebatur</em></strong></span> <span class='ocrx_word' id='word_1_307' title='bbox 837 3675 886 3730; x_wconf 94' lang='lat' dir='ltr'><strong><em>pro</em></strong></span> <span class='ocrx_word' id='word_1_308' title='bbox 899 3661 1010 3719; x_wconf 73' lang='lat' dir='ltr'><strong><em>cioctm</em></strong></span> <span class='ocrx_word' id='word_1_309' title='bbox 1027 3666 1055 3716; x_wconf 90' lang='lat' dir='ltr'><strong><em>et</em></strong></span> <span class='ocrx_word' id='word_1_310' title='bbox 1067 3662 1156 3717; x_wconf 77' lang='lat' dir='ltr'><strong><em>cincti</em></strong></span> <span class='ocrx_word' id='word_1_311' title='bbox 1170 3675 1220 3730; x_wconf 93' lang='lat' dir='ltr'><strong><em>pro</em></strong></span> <span class='ocrx_word' id='word_1_312' title='bbox 1234 3660 1362 3716; x_wconf 83' lang='lat' dir='ltr'><strong><em>militibus</em></strong></span> <span class='ocrx_word' id='word_1_313' title='bbox 1375 3700 1383 3731; x_wconf 93' lang='lat'><strong><em>,</em></strong></span> <span class='ocrx_word' id='word_1_314' title='bbox 1401 3664 1447 3732; x_wconf 88' lang='lat' dir='ltr'><strong><em>qui</em></strong></span> <span class='ocrx_word' id='word_1_315' title='bbox 1466 3666 1498 3717; x_wconf 92' lang='lat' dir='ltr'><strong><em>ut</em></strong></span> <span class='ocrx_word' id='word_1_316' title='bbox 1510 3659 1594 3732; x_wconf 92' lang='lat' dir='ltr'><strong><em>pluri·</em></strong></span> 
     </span>
     <span class='ocr_line' id='line_1_34' title="bbox 376 3743 1593 3818; baseline 0.001 -15"><span class='ocrx_word' id='word_1_317' title='bbox 376 3763 450 3803; x_wconf 80' lang='lat' dir='ltr'><strong><em>snum</em></strong></span> <span class='ocrx_word' id='word_1_318' title='bbox 464 3746 548 3802; x_wconf 89' lang='lat' dir='ltr'><strong><em>rudes</em></strong></span> <span class='ocrx_word' id='word_1_319' title='bbox 563 3750 627 3800; x_wconf 88' lang='lat' dir='ltr'><strong><em>sunt</em></strong></span> <span class='ocrx_word' id='word_1_320' title='bbox 639 3765 646 3815; x_wconf 82' lang='lat'>3</span> <span class='ocrx_word' id='word_1_321' title='bbox 662 3744 733 3801; x_wconf 88' lang='lat' dir='ltr'><strong><em>unde</em></strong></span> <span class='ocrx_word' id='word_1_322' title='bbox 747 3744 896 3802; x_wconf 88' lang='lat' dir='ltr'><strong><em>discinctus</em></strong></span> <span class='ocrx_word' id='word_1_323' title='bbox 909 3760 958 3815; x_wconf 94' lang='lat' dir='ltr'><strong><em>pro</em></strong></span> <span class='ocrx_word' id='word_1_324' title='bbox 969 3743 1061 3801; x_wconf 89' lang='lat' dir='ltr'><strong><em>militia</em></strong></span> <span class='ocrx_word' id='word_1_325' title='bbox 1070 3751 1272 3802; x_wconf 82' lang='lat' dir='ltr'><strong><em>exauctoratus:</em></strong></span> <span class='ocrx_word' id='word_1_326' title='bbox 1285 3761 1370 3818; x_wconf 86' lang='lat' dir='ltr'><strong><em>quare</em></strong></span> <span class='ocrx_word' id='word_1_327' title='bbox 1379 3763 1432 3803; x_wconf 89' lang='lat' dir='ltr'><strong><em>noa</em></strong></span> <span class='ocrx_word' id='word_1_328' title='bbox 1442 3746 1593 3804; x_wconf 83' lang='lat' dir='ltr'><strong><em>existimem</em></strong></span> 
     </span>
     <span class='ocr_line' id='line_1_35' title="bbox 376 3829 1588 3906; baseline 0.002 -19"><span class='ocrx_word' id='word_1_329' title='bbox 376 3832 433 3887; x_wconf 84' lang='lat' dir='ltr'><strong><em>beic</em></strong></span> <span class='ocrx_word' id='word_1_330' title='bbox 447 3831 481 3887; x_wconf 87' lang='lat' dir='ltr'><strong><em>ab</em></strong></span> <span class='ocrx_word' id='word_1_331' title='bbox 494 3830 605 3887; x_wconf 91' lang='lat' dir='ltr'><strong><em>Horatio</em></strong></span> <span class='ocrx_word' id='word_1_332' title='bbox 619 3829 730 3902; x_wconf 90' lang='lat' dir='ltr'><strong><em>intelligi</em></strong></span> <span class='ocrx_word' id='word_1_333' title='bbox 745 3832 865 3888; x_wconf 84' lang='lat' dir='ltr'><strong><em>Harcum</em></strong></span> <span class='ocrx_word' id='word_1_334' title='bbox 878 3832 1038 3906; x_wconf 77' lang='lat' dir='ltr'><strong><em>Cethegum,</em></strong></span> <span class='ocrx_word' id='word_1_335' title='bbox 1052 3848 1134 3905; x_wconf 89' lang='lat' dir='ltr'><strong><em>quem</em></strong></span> <span class='ocrx_word' id='word_1_336' title='bbox 1147 3832 1242 3890; x_wconf 80' lang='lat' dir='ltr'><strong><em>Cicero</em></strong></span> <span class='ocrx_word' id='word_1_337' title='bbox 1256 3835 1389 3889; x_wconf 74' lang='lat' dir='ltr'><strong><em>indricto</em></strong></span> <span class='ocrx_word' id='word_1_338' title='bbox 1403 3834 1470 3890; x_wconf 90' lang='lat' dir='ltr'><strong><em>inter</em></strong></span> <span class='ocrx_word' id='word_1_339' title='bbox 1482 3835 1588 3904; x_wconf 84' lang='lat' dir='ltr'><strong><em>priscos</em></strong></span> 
     </span>
     <span class='ocr_line' id='line_1_36' title="bbox 374 3927 658 3978; baseline 0.004 -4"><span class='ocrx_word' id='word_1_340' title='bbox 374 3928 495 3977; x_wconf 84' lang='lat' dir='ltr'><strong><em>oratores</em></strong></span> <span class='ocrx_word' id='word_1_341' title='bbox 508 3927 658 3978; x_wconf 88' lang='lat' dir='ltr'><strong><em>enumerat.</em></strong></span> 
     </span>
    </p>

    <p class='ocr_par' dir='ltr' id='par_1_15' title="bbox 413 4009 799 4082">
     <span class='ocr_line' id='line_1_37' title="bbox 413 4009 799 4082; baseline 0 -14"><span class='ocrx_word' id='word_1_342' title='bbox 413 4012 455 4068; x_wconf 86' lang='lat' dir='ltr'><strong><em>lb.</em></strong></span> <span class='ocrx_word' id='word_1_343' title='bbox 469 4009 637 4082; x_wconf 78' lang='lat' dir='ltr'><strong><em>Eccadttol</em></strong></span> <span class='ocrx_word' id='word_1_344' title='bbox 653 4012 799 4070; x_wconf 86' lang='lat' dir='ltr'><strong><em>intellecta.</em></strong></span> 
     </span>
    </p>

    <p class='ocr_par' dir='ltr' id='par_1_16' title="bbox 416 4095 747 4167">
     <span class='ocr_line' id='line_1_38' title="bbox 416 4095 747 4167; baseline -0.003 -13"><span class='ocrx_word' id='word_1_345' title='bbox 416 4102 462 4154; x_wconf 81' lang='lat'><strong><em>51.</em></strong></span> <span class='ocrx_word' id='word_1_346' title='bbox 479 4095 636 4167; x_wconf 74' lang='lat' dir='ltr'><strong><em>Potentes)</em></strong></span> <span class='ocrx_word' id='word_1_347' title='bbox 652 4100 747 4155; x_wconf 85' lang='lat' dir='ltr'><strong><em>Parce.</em></strong></span> 
     </span>
    </p>

    <p class='ocr_par' dir='ltr' id='par_1_17' title="bbox 374 4187 1594 4331">
     <span class='ocr_line' id='line_1_39' title="bbox 411 4187 1594 4266; baseline 0.003 -19"><span class='ocrx_word' id='word_1_348' title='bbox 411 4193 459 4248; x_wconf 83' lang='grc'><strong><em>53.</em></strong></span> <span class='ocrx_word' id='word_1_349' title='bbox 477 4187 606 4261; x_wconf 80' lang='lat' dir='ltr'><strong><em>Cedontl</em></strong></span> <span class='ocrx_word' id='word_1_350' title='bbox 622 4187 736 4260; x_wconf 79' lang='lat' dir='ltr'><strong><em>Errant,</em></strong></span> <span class='ocrx_word' id='word_1_351' title='bbox 750 4191 936 4248; x_wconf 88' lang='lat' dir='ltr'><strong><em>terminentur:</em></strong></span> <span class='ocrx_word' id='word_1_352' title='bbox 953 4208 1016 4249; x_wconf 89' lang='lat' dir='ltr'><strong><em>nam</em></strong></span> <span class='ocrx_word' id='word_1_353' title='bbox 1030 4192 1116 4250; x_wconf 82' lang='lat' dir='ltr'><strong><em>exitus</em></strong></span> <span class='ocrx_word' id='word_1_354' title='bbox 1129 4199 1275 4266; x_wconf 82' lang='lat' dir='ltr'><strong><em>utrorum,</em></strong></span> <span class='ocrx_word' id='word_1_355' title='bbox 1290 4194 1328 4249; x_wconf 91' lang='lat' dir='ltr'><strong><em>ita</em></strong></span> <span class='ocrx_word' id='word_1_356' title='bbox 1340 4194 1487 4251; x_wconf 86' lang='lat' dir='ltr'><strong><em>verborum</em></strong></span> <span class='ocrx_word' id='word_1_357' title='bbox 1499 4194 1594 4250; x_wconf 89' lang='lat' dir='ltr'><strong><em>dicun·</em></strong></span> 
     </span>
     <span class='ocr_line' id='line_1_40' title="bbox 374 4282 530 4331; baseline 0.013 -2"><span class='ocrx_word' id='word_1_358' title='bbox 374 4282 417 4330; x_wconf 90' lang='lat' dir='ltr'><strong><em>tur</em></strong></span> <span class='ocrx_word' id='word_1_359' title='bbox 429 4289 530 4331; x_wconf 76' lang='lat' dir='ltr'><strong><em>cosas.</em></strong></span> 
     </span>
    </p>

    <p class='ocr_par' dir='ltr' id='par_1_18' title="bbox 374 4361 1595 4706">
     <span class='ocr_line' id='line_1_41' title="bbox 412 4361 1592 4438; baseline 0.003 -21"><span class='ocrx_word' id='word_1_360' title='bbox 412 4365 458 4417; x_wconf 88' lang='grc'><strong><em>55.</em></strong></span> <span class='ocrx_word' id='word_1_361' title='bbox 476 4361 633 4435; x_wconf 82' lang='lat' dir='ltr'><strong><em>Varioque)</em></strong></span> <span class='ocrx_word' id='word_1_362' title='bbox 647 4362 752 4418; x_wconf 81' lang='lat' dir='ltr'><strong><em>Eximio</em></strong></span> <span class='ocrx_word' id='word_1_363' title='bbox 765 4368 859 4433; x_wconf 90' lang='lat' dir='ltr'><strong><em>poetae</em></strong></span> <span class='ocrx_word' id='word_1_364' title='bbox 874 4363 997 4435; x_wconf 88' lang='lat' dir='ltr'><strong><em>tragico,</em></strong></span> <span class='ocrx_word' id='word_1_365' title='bbox 1020 4364 1066 4433; x_wconf 90' lang='lat' dir='ltr'><strong><em>qui</em></strong></span> <span class='ocrx_word' id='word_1_366' title='bbox 1089 4362 1218 4418; x_wconf 85' lang='lat' dir='ltr'><strong><em>Orestem</em></strong></span> <span class='ocrx_word' id='word_1_367' title='bbox 1239 4365 1403 4438; x_wconf 81' lang='lat' dir='ltr'><strong><em>tragoediam</em></strong></span> <span class='ocrx_word' id='word_1_368' title='bbox 1424 4365 1592 4436; x_wconf 89' lang='lat' dir='ltr'><strong><em>scripserat,</em></strong></span> 
     </span>
     <span class='ocr_line' id='line_1_42' title="bbox 380 4448 1595 4522; baseline 0.004 -18"><span class='ocrx_word' id='word_1_369' title='bbox 380 4462 434 4520; x_wconf 84' lang='lat' dir='ltr'><strong><em>qua</em></strong></span> <span class='ocrx_word' id='word_1_370' title='bbox 448 4449 533 4505; x_wconf 90' lang='lat' dir='ltr'><strong><em>Latini</em></strong></span> <span class='ocrx_word' id='word_1_371' title='bbox 547 4449 657 4505; x_wconf 86' lang='lat' dir='ltr'><strong><em>Graecis</em></strong></span> <span class='ocrx_word' id='word_1_372' title='bbox 670 4466 723 4506; x_wconf 90' lang='lat' dir='ltr'><strong><em>non</em></strong></span> <span class='ocrx_word' id='word_1_373' title='bbox 736 4450 906 4521; x_wconf 75' lang='lat' dir='ltr'><strong><em>invidebant,</em></strong></span> <span class='ocrx_word' id='word_1_374' title='bbox 929 4449 963 4505; x_wconf 92' lang='lat' dir='ltr'><strong><em>ad</em></strong></span> <span class='ocrx_word' id='word_1_375' title='bbox 977 4464 1057 4521; x_wconf 84' lang='lat' dir='ltr'><strong><em>quem</em></strong></span> <span class='ocrx_word' id='word_1_376' title='bbox 1071 4448 1199 4521; x_wconf 84' lang='lat' dir='ltr'><strong><em>Virgilius</em></strong></span> <span class='ocrx_word' id='word_1_377' title='bbox 1210 4456 1237 4507; x_wconf 88' lang='lat' dir='ltr'><strong><em>et</em></strong></span> <span class='ocrx_word' id='word_1_378' title='bbox 1250 4452 1376 4508; x_wconf 90' lang='lat' dir='ltr'><strong><em>Horatius</em></strong></span> <span class='ocrx_word' id='word_1_379' title='bbox 1389 4452 1447 4522; x_wconf 88' lang='lat' dir='ltr'><strong><em>ipse</em></strong></span> <span class='ocrx_word' id='word_1_380' title='bbox 1461 4468 1510 4508; x_wconf 91' lang='lat' dir='ltr'><strong><em>sua</em></strong></span> <span class='ocrx_word' id='word_1_381' title='bbox 1524 4451 1595 4509; x_wconf 85' lang='lat' dir='ltr'><strong><em>dele·</em></strong></span> 
     </span>
     <span class='ocr_line' id='line_1_43' title="bbox 378 4534 1594 4612; baseline 0.006 -23"><span class='ocrx_word' id='word_1_382' title='bbox 378 4535 473 4590; x_wconf 87' lang='lat' dir='ltr'><strong><em>rebant</em></strong></span> <span class='ocrx_word' id='word_1_383' title='bbox 484 4534 654 4592; x_wconf 88' lang='lat' dir='ltr'><strong><em>emendanda</em></strong></span> <span class='ocrx_word' id='word_1_384' title='bbox 666 4545 808 4607; x_wconf 89' lang='lat' dir='ltr'><strong><em>poemata:</em></strong></span> <span class='ocrx_word' id='word_1_385' title='bbox 825 4544 851 4594; x_wconf 90' lang='lat' dir='ltr'><strong><em>et</em></strong></span> <span class='ocrx_word' id='word_1_386' title='bbox 864 4537 972 4593; x_wconf 89' lang='lat' dir='ltr'><strong><em>beroica</em></strong></span> <span class='ocrx_word' id='word_1_387' title='bbox 986 4536 1060 4608; x_wconf 89' lang='lat' dir='ltr'><strong><em>poesi</em></strong></span> <span class='ocrx_word' id='word_1_388' title='bbox 1073 4551 1182 4608; x_wconf 85' lang='lat' dir='ltr'><strong><em>quoque</em></strong></span> <span class='ocrx_word' id='word_1_389' title='bbox 1196 4540 1355 4596; x_wconf 83' lang='lat' dir='ltr'><strong><em>excelluisse</em></strong></span> <span class='ocrx_word' id='word_1_390' title='bbox 1369 4580 1376 4611; x_wconf 95' lang='lat'><strong><em>,</em></strong></span> <span class='ocrx_word' id='word_1_391' title='bbox 1390 4540 1495 4612; x_wconf 87' lang='lat' dir='ltr'><strong><em>ipsique</em></strong></span> <span class='ocrx_word' id='word_1_392' title='bbox 1509 4541 1594 4612; x_wconf 82' lang='lat' dir='ltr'><strong><em>Virgi-</em></strong></span> 
     </span>
     <span class='ocr_line' id='line_1_44' title="bbox 374 4618 1508 4706; baseline 0.007 -31"><span class='ocrx_word' id='word_1_393' title='bbox 374 4618 408 4679; x_wconf 92' lang='lat' dir='ltr'><strong><em>lio</em></strong></span> <span class='ocrx_word' id='word_1_394' title='bbox 421 4623 590 4695; x_wconf 88' lang='lat' dir='ltr'><strong><em>praestitisse</em></strong></span> <span class='ocrx_word' id='word_1_395' title='bbox 604 4626 652 4683; x_wconf 90' lang='lat' dir='ltr'><strong><em>dat</em></strong></span> <span class='ocrx_word' id='word_1_396' title='bbox 663 4627 862 4699; x_wconf 88' lang='lat' dir='ltr'><strong><em>conjiciendum</em></strong></span> <span class='ocrx_word' id='word_1_397' title='bbox 876 4626 1005 4685; x_wconf 89' lang='lat' dir='ltr'><strong><em>idemmet</em></strong></span> <span class='ocrx_word' id='word_1_398' title='bbox 1016 4627 1142 4683; x_wconf 87' lang='lat' dir='ltr'><strong><em>Horatius</em></strong></span> <span class='ocrx_word' id='word_1_399' title='bbox 1156 4628 1182 4684; x_wconf 92' lang='lat' dir='ltr'><strong><em>in</em></strong></span> <span class='ocrx_word' id='word_1_400' title='bbox 1198 4628 1255 4686; x_wconf 89' lang='lat' dir='ltr'><strong><em>Ode</em></strong></span> <span class='ocrx_word' id='word_1_401' title='bbox 1268 4629 1310 4688; x_wconf 86' lang='lat' dir='ltr'><strong><em>od</em></strong></span> <span class='ocrx_word' id='word_1_402' title='bbox 1323 4628 1508 4706; x_wconf 78' lang='lat' dir='ltr'><strong><em>Agrippam:</em></strong></span> 
     </span>
    </p>

    <p class='ocr_par' dir='ltr' id='par_1_19' title="bbox 713 4708 1159 4868">
     <span class='ocr_line' id='line_1_45' title="bbox 713 4708 1159 4794; baseline 0.007 -16"><span class='ocrx_word' id='word_1_403' title='bbox 713 4725 828 4780; x_wconf 83' lang='lat' dir='ltr'><strong><em>Scriberis</em></strong></span> <span class='ocrx_word' id='word_1_404' title='bbox 840 4726 914 4781; x_wconf 82' lang='lat' dir='ltr'><strong><em>Vario</em></strong></span> <span class='ocrx_word' id='word_1_405' title='bbox 926 4708 1007 4794; x_wconf 83' lang='lat' dir='ltr'><strong><em>sortis,</em></strong></span> <span class='ocrx_word' id='word_1_406' title='bbox 1018 4736 1042 4780; x_wconf 86' lang='lat' dir='ltr'><strong><em>ct</em></strong></span> <span class='ocrx_word' id='word_1_407' title='bbox 1051 4726 1159 4781; x_wconf 84' lang='lat' dir='ltr'><strong><em>hostium</em></strong></span> 
     </span>
     <span class='ocr_line' id='line_1_46' title="bbox 714 4808 901 4868; baseline 0.016 -7"><span class='ocrx_word' id='word_1_408' title='bbox 714 4808 798 4864; x_wconf 87' lang='lat' dir='ltr'><strong><em>Victor</em></strong></span> <span class='ocrx_word' id='word_1_409' title='bbox 808 4846 901 4868; x_wconf 85' lang='grc'><strong>.....</strong></span> 
     </span>
    </p>
   </div>
   <div class='ocr_carea' id='block_1_10' title="bbox 448 4871 1455 4970">
    <p class='ocr_par' dir='ltr' id='par_1_20' title="bbox 448 4871 1455 4970">
     <span class='ocr_line' id='line_1_47' title="bbox 448 4871 1455 4970; baseline 0.003 -19"><span class='ocrx_word' id='word_1_410' title='bbox 448 4896 526 4966; x_wconf 79' lang='lat' dir='ltr'><strong><em>Vico,</em></strong></span> <span class='ocrx_word' id='word_1_411' title='bbox 543 4871 679 4970; x_wconf 66' lang='lat' dir='ltr'><strong><em>Opurcmi.</em></strong></span> <span class='ocrx_word' id='word_1_412' title='bbox 1438 4904 1455 4954; x_wconf 83' lang='lat' dir='ltr'><strong><em>s</em></strong></span> 
     </span>
    </p>
   </div>
   <div class='ocr_carea' id='block_1_11' title="bbox 0 0 1976 5592">
    <p class='ocr_par' dir='ltr' id='par_1_21' title="bbox 0 0 1976 5592">
     <span class='ocr_line' id='line_1_48' title="bbox 0 0 1976 5592; baseline 0 2"><span class='ocrx_word' id='word_1_413' title='bbox 0 0 1976 5592; x_wconf 95' lang='lat' dir='ltr'><strong><em> </em></strong></span> 
     </span>
    </p>
   </div>
  </div>
 </body>
</html>
