3942 5592
480 499 537 559 {90

441 617 494 686 qui
506 610 573 670 aleo
587 613 657 670 vina
670 609 776 671 Venere
788 625 845 669 suo
852 605 1130 686 prodeqemrnllemo
1139 627 1215 673 unus
1230 618 1307 675 inter
1317 631 1382 676 eam
1389 617 1626 694 pepulissem,

439 706 490 760 cui
501 701 536 761 eb
551 719 640 778 opere
653 699 831 759 obealluerat
844 715 961 777 marcus,
973 706 1088 761 nmmui
1096 701 1229 765 modicus
1239 703 1299 784 ier,
1305 724 1420 783 paruus
1430 708 1558 786 apelles,
1566 724 1627 766 om·

437 811 490 852 nes
502 796 609 870 quibus
619 800 737 873 praeter
751 808 829 870 spem
848 797 874 852 et
889 797 977 853 vitam
990 794 1039 854 nil
1051 795 1164 872 reliqui
1174 802 1245 858 eret.
1267 801 1371 861 Cuncti
1387 807 1484 861 eutem
1497 801 1626 876 artifices

437 903 473 945 ac
482 890 665 961 mercatores,
678 883 799 962 officinis
813 901 848 942 ec
857 881 984 943 tabernis
995 889 1101 963 oensis,
1110 889 1190 948 derret
1199 908 1230 949 se
1244 895 1399 952 continere.
1413 892 1540 953 Modesti
1549 898 1626 951 crees

435 980 463 1036 et
477 976 684 1055 quamplurimi
695 978 831 1051 priuatae
842 972 976 1051 sortiente
989 974 1071 1037 noles
1086 994 1184 1039 omnes
1195 981 1305 1058 trepidi
1318 1001 1353 1041 ec
1367 980 1543 1057 festinantes
1556 998 1626 1042 suo-

435 1083 501 1127 rum
514 1070 667 1126 securitati
680 1065 843 1126 studebunt.
866 1063 996 1142 Vispiues
1007 1065 1072 1146 tis,
1086 1075 1251 1148 matresque
1264 1070 1457 1147 sonulierum
1470 1077 1503 1132 in
1515 1076 1626 1134 seneti-

434 1160 606 1221 monielium
618 1161 746 1222 claustra
760 1161 940 1229 subducere5
954 1160 997 1220 ibi
1007 1167 1096 1222 cdere
1109 1164 1287 1242 subinferre.
1303 1167 1495 1245 Mapistratus
1509 1185 1580 1227 cero
1589 1185 1627 1227 ac

434 1251 651 1327 splendidiores
661 1254 785 1329 patricii
798 1247 1132 1325 inHispenerumertem
1144 1257 1308 1334 concedere,
1319 1257 1372 1316 sed
1385 1273 1482 1316 omnes
1495 1261 1622 1316 circum·

435 1349 521 1405 toniti
530 1345 727 1406 ebnobilitote
740 1348 884 1404 civitatem
898 1343 1283 1423 turbaterrobstupescebent,
1293 1365 1330 1406 ee
1345 1347 1559 1408 Telisiaeorum
1568 1350 1624 1409 du·

435 1457 495 1501 cem
518 1446 562 1501 ita
574 1458 645 1502 suec
653 1443 773 1518 florenti
785 1437 925 1514 fortunae
937 1443 1068 1518 inpretn,
1084 1445 1128 1501 ite
1153 1442 1189 1501 eb
1202 1441 1354 1503 ludovico
1361 1459 1486 1520 presepe
1499 1442 1625 1520 benese-

436 1539 548 1596 ctorem
560 1540 761 1611 immemorem,
775 1541 803 1595 et
822 1534 964 1594 Tiberium
978 1534 1131 1596 Certaeum
1143 1542 1176 1597 in
1189 1541 1306 1598 metretis
1327 1537 1492 1614 exemplum
1505 1557 1624 1615 compo·

434 1633 522 1692 situm
535 1648 568 1689 eo
581 1635 708 1691 eaesisse
721 1629 954 1690 admirabantur.
965 1629 1002 1688 Ar
1012 1647 1054 1690 oco
1068 1632 1105 1691 de
1121 1633 1204 1692 Vasti
1216 1632 1387 1692 Mercatore
1398 1633 1624 1693 Cesertenorum

432 1732 461 1786 ct
474 1727 674 1786 triciensium
696 1723 831 1802 Repulis,
845 1725 962 1784 adversi
980 1743 1093 1786 rueres.
1109 1727 1174 1788 Alii
1190 1744 1318 1805 namque
1331 1730 1432 1786 tentes
1445 1744 1524 1804 opes,
1539 1731 1624 1788 terete

429 1825 549 1880 namirm
557 1825 718 1900 entiqueet
727 1825 866 1899 toteprae
874 1827 954 1881 noces
967 1826 1119 1898 taedisque
1130 1821 1307 1898 posthabite,
1318 1827 1375 1881 cin
1385 1827 1516 1880 aninnm
1529 1824 1623 1883 indu-

435 1928 497 1971 cere
505 1915 656 1991 poterent,
669 1916 696 1972 et
710 1916 805 1990 meeis
818 1913 861 1973 ed
873 1909 1061 1987 confirmanus
1079 1915 1285 1974 Germanorum
1293 1916 1409 1991 partes,
1426 1910 1499 1972 lceec
1512 1930 1624 1989 maana

427 2009 571 2082 pipnore,
587 2003 640 2064 lios
653 2021 773 2082 maanes
787 2003 901 2064 obsides
915 2001 1064 2081 Imperari
1072 2003 1158 2064 detes
1165 2004 1280 2085 jactari
1285 2026 1297 2075 ,-
1312 2003 1369 2063 elii
1381 2009 1483 2063 contra
1495 2021 1566 2063 uere
1575 2022 1622 2064 re·
1638 2078 1641 2084 Ι

428 2095 585 2171 putebant.
602 2095 677 2156 Hinc
686 2093 917 2173 pulcherrimam
932 2098 1031 2156 civitat:
1044 2094 1153 2172 facian
1166 2099 1271 2154 misere
1290 2093 1484 2172 deformatam
1497 2111 1621 2172 conaere-

430 2190 581 2269 rebantur,
595 2198 694 2253 omnia
707 2197 781 2252 tetra
794 2190 933 2268 foedeqm
949 2196 1027 2254 civile
1041 2192 1111 2254 belli
1118 2193 1313 2271 providebant
1321 2214 1333 2263 ,·
1348 2197 1376 2253 et
1390 2195 1573 2251 imminentes
1584 2190 1622 2250 eb

431 2277 586 2342 ludovice
599 2283 677 2344 XIV
685 2287 747 2343 ires
762 2280 926 2342 horrescere
949 2282 1047 2344 Intern
1060 2288 1196 2361 temporis
1209 2283 1293 2358 baec,
1309 2283 1436 2360 Prome,
1446 2282 1621 2359 paulopost

432 2372 588 2431 tumultum
598 2376 773 2449 incoeptum,
788 2376 912 2449 recepte
925 2370 979 2453 jus
993 2373 1072 2451 tene,
1087 2370 1251 2448 confestim,
1265 2379 1298 2432 iu
1312 2373 1421 2451 quibus
1433 2379 1517 2452 requi
1528 2374 1619 2432 deae

431 2471 505 2527 esset
518 2473 549 2526 in
564 2471 603 2527 iis
611 2468 796 2543 praesidium
809 2471 903 2542 retus,
917 2471 1018 2528 ivitati
1030 2473 1194 2546 principes,
1208 2474 1261 2545 qui
1270 2475 1331 2528 tum
1344 2473 1377 2526 in
1390 2469 1459 2528 urbe
1480 2471 1575 2541 erent,
1589 2470 1618 2525 et

425 2561 583 2634 praeterea
606 2557 755 2617 tribunum
763 2555 872 2637 plebis,
885 2573 980 2632 noane
992 2578 1014 2618 c,
1030 2557 1116 2618 illata
1130 2558 1290 2618 turbatores
1314 2564 1347 2620 tn
1360 2574 1429 2619 suos
1452 2559 1618 2618 aenaeae

429 2667 514 2730 usus,
529 2650 571 2711 ed
584 2667 615 2711 se
629 2653 769 2711 accersiri
776 2648 946 2729 jussitllm
956 2654 1140 2726 quipotentia
1150 2652 1286 2728 florentes
1301 2653 1334 2710 iu
1346 2653 1429 2710 noeis
1443 2647 1538 2723 rebus,
1553 2664 1619 2723 spe-

431 2740 596 2801 etebiliores
606 2739 782 2819 prostabant
795 2740 917 2815 injuriis
923 2737 1081 2801 Medieeus
1092 2744 1118 2799 et
1132 2738 1309 2816 Centelmus,
1323 2744 1369 2800 uti
1381 2743 1407 2798 et
1417 2737 1540 2797 ludices
1553 2737 1619 2797 Ma·

424 2831 572 2912 jestetise
587 2834 635 2893 die
645 2835 799 2908 superiore
806 2828 1081 2909 Pro-caesuratim,
1091 2835 1118 2890 et
1129 2834 1222 2907 nocte,
1233 2847 1308 2909 quae
1318 2828 1527 2907 inpotentibus
1541 2845 1619 2887 coae-

424 2935 478 3008 pis
491 2931 566 2990 solet
575 2929 695 3008 praetia
708 2932 858 3004 dirimere,
872 2925 928 2987 rutil
940 2927 1102 2990 ledendum
1117 2929 1241 2987 censent.
1258 2926 1329 2985 Tum
1340 2924 1466 3000 ireres,
1481 2927 1528 2981 uti
1540 2921 1621 2983 sedi-

430 3025 518 3082 tionis
531 3018 618 3095 fama
632 3019 773 3080 tancretius
782 3034 948 3097 perrepere
962 3025 1090 3099 occupet,
1101 3019 1369 3097 edproviuciarnm
1380 3013 1543 3091 praesides.
1556 3013 1621 3073 Ali·

426 3121 495 3191 quot
512 3122 651 3192 priuatae
672 3116 810 3194 somenae
833 3114 931 3195 nobile,
948 3121 1145 3195 conjuratione
1165 3116 1310 3187 indicate,
1325 3114 1367 3174 ed
1389 3110 1620 3189 (temerationem

421 3212 642 3287 pessumdatos,
656 3208 742 3269 nulle
754 3213 899 3284 occupatu
911 3227 967 3286 cce,
982 3213 1127 3270 ciuitatem
1140 3206 1322 3267 turbasse-et
1336 3207 1553 3282 conjectationes
1568 3199 1619 3259 de·

426 3307 516 3364 tectos
524 3309 622 3382 juata
636 3319 671 3365 ec
683 3308 784 3368 nullas
794 3341 807 3351 -
817 3310 845 3365 et
860 3306 979 3366 turltem
988 3306 1083 3365 alieno
1093 3307 1233 3364 instinctu
1239 3300 1352 3380 plebem
1362 3298 1453 3376 facile
1467 3302 1620 3376 tranquil·

426 3392 497 3472 lari,
508 3427 521 3438 ·
535 3397 616 3474 qnod
628 3415 711 3459 sunm
725 3403 849 3476 quisem
858 3402 1016 3473 pedarium
1028 3401 1062 3455 in
1075 3394 1207 3471 Pisilippi
1215 3392 1276 3469 fide
1289 3395 1444 3467 continent,
1460 3395 1486 3449 el
1496 3407 1556 3467 pro
1563 3395 1619 3468 ju-

429 3490 612 3552 risdictionis
621 3495 708 3553 modo
720 3497 803 3570 requi
813 3490 997 3568 Benefiarios
1007 3492 1121 3552 debitae
1130 3490 1283 3567 fidelitatis
1295 3488 1619 3563 admoneat,armisq·ue

426 3584 575 3655 imperetis
591 3587 676 3660 repni
683 3586 860 3643 munimenta
873 3582 1006 3642 coirmet.
1018 3614 1031 3627 ·
1042 3582 1184 3660 Ejusdem
1202 3583 1361 3640 sementina
1384 3578 1510 3651 litteras,
1524 3581 1551 3634 et
1576 3578 1620 3638 ed

423 3678 601 3749 potentiores
610 3681 847 3754 repniproceres,
855 3682 883 3737 el
896 3680 1085 3737 amaritimas
1095 3677 1221 3736 Crateris
1234 3674 1320 3733 urbes
1325 3693 1337 3743 ,·
1350 3676 1377 3730 et
1387 3673 1427 3730 ed
1437 3685 1523 3746 quem
1533 3670 1619 3729 Cem-

423 3769 537 3840 peniee
554 3768 794 3829 Commissarium
808 3766 1007 3845 dirumpisit3
1021 3786 1056 3826 ee
1068 3767 1147 3826 rende
1162 3765 1257 3839 licuit,
1268 3763 1325 3825 sibi
1339 3765 1510 3821 corameatus
1522 3764 1550 3819 et
1563 3778 1619 3820 eu-

428 3856 510 3917 milie
523 3856 602 3934 ferri
613 3858 712 3933 jussit.
724 3858 796 3917 Moe
810 3862 843 3918 iu
855 3863 933 3919 imm
946 3860 1074 3920 Inarime
1082 3862 1146 3917 arci
1160 3854 1344 3932 Praefectum
1352 3851 1476 3932 suffecit.
1488 3850 1528 3912 Id
1540 3859 1618 3914 enim

426 3951 731 4009 reuniraentumerioo
741 3966 818 4008 saco
831 3949 923 4009 insule
935 3950 1087 4031 adjacente
1093 3950 1223 4023 undique
1237 3944 1378 4005 altissime
1388 3942 1542 4018 abruptum
1552 3962 1619 4003 sae-

423 4060 465 4120 pe
479 4044 549 4103 olim
563 4043 754 4121 Napelitenos
766 4044 857 4122 Repes
864 4045 902 4104 ab
910 4047 1013 4107 artinis
1027 4048 1155 4107 bestium
1168 4039 1369 4102 obsidionibus
1384 4055 1420 4097 ac
1430 4037 1619 4114 difficillimis

425 4142 607 4198 scatente-eit.
621 4141 658 4199 m
673 4140 803 4219 Hispani
815 4141 908 4218 Repes
919 4160 972 4220 ms,
985 4147 1029 4202 uti
1043 4146 1070 4201 ci
1079 4143 1168 4200 totius
1181 4137 1297 4198 insulae
1301 4131 1526 4213 praefecturam
1540 4135 1619 4194 Aoe-

425 4230 463 4290 lis
485 4232 565 4292 Vasti
579 4233 797 4298 Mareleionibus
812 4236 932 4313 benefici
950 4241 1162 4299 concesserunt.
1178 4234 1256 4293 Dum
1275 4233 1346 4293 naec
1368 4248 1388 4289 e
1402 4227 1530 4303 Proreus
1552 4245 1621 4304 ale·

425 4325 524 4381 reaiur
538 4321 574 4382 ab
589 4324 679 4383 dubia
691 4345 784 4405 usqne
799 4327 865 4388 luce
879 4328 991 4391 nlibost
1011 4327 1087 4387 alios
1100 4331 1128 4387 et
1142 4329 1227 4403 repet
1240 4339 1374 4401 proceres
1388 4325 1415 4378 et
1428 4322 1621 4396 capistratus

424 4424 451 4478 et
464 4418 578 4493 elr'euot
600 4419 697 4496 plebis
711 4425 879 4485 decuriones
895 4440 938 4484 cur
951 4424 1068 4485 tribuno
1081 4424 1224 4497 irreptus
1234 4420 1339 4496 partes
1353 4414 1527 4474 comedunt.
1548 4412 1622 4472 Cum

423 4511 470 4574 leis
485 4517 678 4595 Hieronymus
691 4522 718 4577 ct
732 4520 1098 4599 Bernerdinustaueoivii,
1114 4518 1151 4577 de
1172 4515 1277 4594 qm'bus
1292 4511 1408 4587 duplex
1428 4522 1548 4575 rumor‚·
1563 4506 1623 4566 atii

422 4622 546 4683 uereque
555 4607 669 4686 ferrem,
680 4614 750 4686 quie
763 4627 822 4670 non
829 4616 1014 4689 promserunt
1026 4612 1182 4681 destinate,
1198 4604 1407 4685 conjurationis
1418 4613 1554 4659 caussam
1565 4599 1619 4656 de-

335 4692 339 4709 '
424 4707 549 4763 seruisse
554 4725 566 4773 ‚·
582 4704 637 4764 cclii
654 4709 687 4764 ut
700 4709 810 4783 realem
824 4706 994 4785 ceprlerreat
1008 4725 1043 4769 ec
1054 4705 1222 4783 proderent.
1240 4700 1410 4775 Septemeiri
1424 4697 1520 4753 adera
1538 4692 1617 4753 Ge'ri-
