3942 5592
1497 461 1552 524 itt

359 570 493 629 inanimi
507 568 599 643 lienis
608 565 730 643 familia
743 571 868 644 optimae
883 565 995 628 indolis
1013 566 1117 642 liccem
1130 574 1289 644 annueret.
1303 572 1365 633 Nec
1379 592 1451 637 sane
1464 578 1591 632 mirum.-

357 680 430 723 nani
442 681 485 726 eu
499 666 650 722 remotiori
667 661 777 739 Gallia,
794 662 865 722 olim
878 658 1064 739 Bnrpundia,
1077 659 1235 739 Plrilippus
1251 663 1269 722 l
1276 667 1317 725 ad
1327 685 1417 746 rep-na
1431 668 1588 743 bispanica

357 761 478 816 vacuus
493 760 538 815 esl
547 775 560 826 ,·
573 760 601 814 el
627 753 677 813 bic
691 760 819 830 quisque
844 759 970 814 oestrum
992 759 1024 814 in
1048 757 1105 817 bac
1117 756 1187 816 urbe
1211 758 1463 836 Andcpaeeusiurn
1478 761 1590 836 Rapum

356 849 470 926 templu
479 852 564 920 visit,
575 851 647 925 jura
660 850 800 909 custodit.
816 850 1130 926 Summumpraeterea
1141 864 1278 928 supremo
1291 854 1386 929 clopio
1399 859 1531 914 senatuum
1541 868 1585 910 or·
1600 897 1604 907 .

356 944 488 1019 ἀὸπαυίί,
503 948 588 1021 eique
612 950 645 1004 in
657 947 823 1021 interrepno
844 959 929 1003 snam
943 945 1126 1004 concredidit
1146 950 1339 1023 ritajestatem.
1355 946 1443 1021 Quod
1461 966 1518 1026 per
1540 965 1587 1007 oe-

355 1040 452 1095 straru
471 1040 634 1113 speclrdam
646 1042 679 1097 iu
694 1037 794 1096 dubiis
809 1035 894 1096 reb-us
904 1034 996 1110 pidem
1010 1040 1037 1094 cl
1046 1054 1104 1113 per
1116 1044 1244 1098 oestrum
1257 1038 1399 1099 bonorum
1418 1045 1528 1100 ciuium
1542 1045 1583 1100 in·

355 1135 488 1208 perdum,
503 1126 558 1190 lroc
572 1131 708 1193 Manibus
723 1133 921 1191 amantissimi
933 1131 1021 1205 lleqis
1037 1131 1116 1208 date,
1128 1135 1208 1210 quod
1221 1133 1257 1191 ab
1272 1151 1316 1210 eo,
1329 1133 1355 1195 si
1369 1140 1528 1195 etrtcmnum
1542 1140 1587 1195 ai·

355 1224 448 1297 neret,
460 1226 632 1299 oomutipsi
637 1222 839 1298 postularetis,
850 1225 975 1280 cestram
986 1225 1081 1281 slatus
1092 1223 1347 1297 tranquillitatem.
1359 1225 1408 1285 En
1416 1227 1586 1304 oobisscep·

355 1321 447 1388 trum·
462 1319 491 1374 ei
504 1321 629 1393 sanate,
643 1332 727 1394 quem
738 1333 827 1395 repno
840 1314 964 1379 Carolus
975 1316 1131 1376 destinavit
1138 1337 1150 1387 ;
1163 1321 1190 1377 et
1203 1333 1248 1375 me
1259 1322 1387 1377 oestrum
1398 1317 1461 1379 lieri
1469 1319 1584 1397 ducem

358 1425 434 1466 anau
449 1407 548 1468 luctus
562 1413 722 1467 consortem
733 1409 831 1471 velitis
850 1427 877 1468 s,
996 1433 1000 1443 ·

404 1504 480 1565 Tum
504 1522 602 1567 omnes
626 1511 680 1582 qui
693 1507 830 1581 aderant,
844 1523 880 1563 ea
892 1509 1023 1566 oratione
1046 1508 1105 1564 tam
1118 1506 1220 1583 dopna,
1235 1521 1323 1568 casus
1346 1523 1398 1566 nec
1418 1510 1583 1584 opinantes,

358 1599 507 1673 commoti,
521 1601 549 1657 et
563 1596 715 1658 lacerdae
725 1598 762 1658 de
777 1594 984 1672 Neapolitanis
1000 1595 1115 1671 fiducia
1135 1595 1276 1673 devincti,
1290 1592 1427 1666 dilllucre
1447 1597 1541 1672 luctu,
1557 1603 1584 1659 et

358 1696 396 1752 in
408 1696 485 1753 inas
495 1710 598 1770 preces
606 1694 800 1770 procubuere,
813 1711 849 1754 nc
862 1699 888 1753 is
902 1697 1076 1772 pronissime
1086 1700 1213 1770 tempore
1222 1695 1411 1771 stuclrcantcm
1424 1692 1581 1770 rempubli-

358 1804 426 1846 cam
439 1789 575 1865 desernt3
590 1795 764 1867 quinimmo
779 1792 864 1866 requi
873 1793 963 1864 patre
978 1788 1073 1849 orbati
1086 1791 1208 1849 tutelam
1222 1792 1393 1866 susciperet,
1407 1789 1580 1850 exorabant.

358 1878 443 1953 Quae
455 1877 608 1940 desideria
621 1896 687 1938 cum
701 1878 872 1953 Ludos-icus
884 1877 1065 1953 obsequentis
1076 1883 1202 1954 imapinc
1216 1882 1284 1937 rota
1294 1874 1421 1954 sacerd,
1432 1883 1527 1955 speeie
1536 1894 1580 1936 re-

355 1973 411 2047 pni
434 1967 513 2029 nr'bil
526 1974 684 2048 quicquam
697 1975 822 2048 mutata,
834 1975 861 2031 et
873 1975 907 2031 iu
919 1975 1013 2030 sontes
1028 1971 1278 2045 animaduersum,
1293 1973 1320 2030 et
1325 1973 1402 2046 jura
1416 1975 1579 2047 eapcriun·

351 2061 433 2121 tibur
447 2063 543 2139 dicta,
558 2066 586 2121 cl
600 2066 802 2123 conrmercium
816 2067 959 2142 opitulum
965 2084 977 2132 ‚·
994 2064 1118 2124 sednon
1143 2066 1206 2124 sine
1220 2066 1299 2121 omui
1313 2061 1471 2140 offensione
1495 2065 1579 2120 lanta

352 2173 403 2215 res
415 2163 444 2218 el
452 2156 548 2234 plena
561 2157 743 2218 discriminis
757 2157 839 2217 abiit·
863 2160 933 2218 Tum
946 2174 1015 2217 aero
1028 2158 1103 2217 milii
1108 2160 1270 2233 praeterita
1282 2161 1423 2234 repetenti
1433 2154 1505 2216 buce
1518 2173 1580 2216 mc·

345 2251 453 2324 josum
465 2249 606 2327 enerupla
620 2248 846 2308 obversabantur
859 2250 948 2326 quod,
958 2249 1168 2325 rrrntn'pticntis
1177 2265 1235 2324 per
1248 2247 1346 2307 urbem
1352 2247 1512 2324 patibulis,
1528 2263 1579 2307 su·

346 2353 456 2413 prema
465 2345 551 2416 rapui
559 2337 626 2415 suia
640 2339 848 2400 obnuncioreul
866 2388 874 2418 ‚
889 2341 935 2399 vel
948 2345 1066 2420 intepra
1076 2344 1249 2416 principum
1260 2341 1354 2399 duno.
1369 2337 1408 2397 Id
1420 2338 1576 2399 consilium

351 2433 472 2494 Prorec
485 2432 564 2512 sorte
578 2440 757 2513 cordempsit,
770 2442 877 2495 ciuium
885 2435 980 2513 (relus
992 2436 1140 2512 obsequia.
1153 2435 1191 2492 Al
1204 2431 1367 2509 confestum,
1377 2432 1456 2494 unde
1470 2438 1575 2511 melus,
1672 2448 1676 2455 ·

348 2544 384 2587 se
395 2527 747 2609 absterdarnntperieula.
763 2534 840 2592 Nam
854 2552 873 2592 o
892 2533 1019 2594 Tribuuo
1026 2534 1122 2610 plebis
1136 2532 1207 2592 baec
1218 2534 1317 2590 tristia
1326 2534 1353 2588 et
1365 2530 1444 2590 breta
1455 2530 1487 2590 in
1498 2531 1576 2593 Her·

350 2625 421 2680 culo
435 2624 656 2704 pramulpaule,
671 2628 779 2686 audac
803 2633 881 2687 imae
896 2633 984 2689 sortis
1000 2628 1084 2687 borno
1099 2631 1269 2704 Principem
1290 2623 1327 2685 de
1341 2627 1464 2686 dustria
1489 2629 1576 2687 domo

348 2733 454 2776 corani
465 2722 493 2778 el
507 2718 638 2783 clancans
651 2727 816 2799 requisivit.
833 2721 871 2783 Id
884 2727 979 2782 tccmen
993 2740 1087 2799 aequo
1098 2727 1253 2799 exceptum
1264 2724 1533 2801 interpretamerdo,
1545 2728 1573 2783 el

346 2814 464 2870 uetusto
477 2816 510 2872 in
523 2813 658 2876 Austrios
672 2817 886 2893 Hispaniarum
900 2832 982 2891 repes
994 2815 1129 2893 obsequia
1141 2816 1253 2876 datum
1274 2816 1401 2876 Grauius
1415 2815 1496 2877 illud
1507 2834 1574 2879 curn

347 2907 388 2965 de
413 2922 527 2966 summa
541 2926 639 2969 rerum
650 2914 756 2989 justus
770 2918 897 2973 nuncius
906 2912 980 2989 plus
995 2925 1089 2986 aequa
1112 2916 1250 2986 cessaret,
1266 2915 1294 2970 el
1308 2913 1572 2990 Neapolitanorum

349 3005 448 3060 animi
460 3009 554 3081 manis
568 3002 689 3067 liberere
703 3013 879 3086 coepissenl3
896 3007 1007 3082 aliique
1021 3012 1053 3064 in
1065 3022 1144 3082 spem
1158 3010 1220 3067 olei
1229 3007 1418 3085 adductionis
1430 3008 1578 3085 cripeban-

347 3097 422 3164 ταῖς
438 3092 495 3154 alii
501 3112 560 3172 per
573 3115 638 3157 eam
652 3106 757 3160 nilne-ii
768 3101 929 3161 absurdam
944 3102 1132 3160 cessationem
1151 3103 1264 3159 incerto
1278 3104 1355 3157 melu
1370 3100 1568 3176 trepidabant,

345 3186 404 3246 sed
414 3192 512 3248 tamen
524 3208 641 3271 niaque.
661 3196 834 3270 Septemviri
848 3198 979 3253 cicilalis
999 3211 1040 3253 ea
1047 3197 1246 3269 patriciorum
1259 3196 1373 3269 ordino,
1393 3196 1570 3273 Hieronymo

347 3279 514 3357 Aquaviuio
536 3290 563 3345 el
577 3288 695 3348 Malitia
711 3288 853 3364 Carasaoo
867 3288 1049 3366 «unctoribus,
1070 3306 1089 3346 a
1104 3289 1229 3363 Prorepe
1250 3289 1448 3364 postularunt,
1463 3291 1495 3347 al
1510 3288 1568 3348 sibi

346 3379 462 3437 incerto
475 3377 629 3442 dominatu
654 3388 695 3444 ad
708 3389 792 3463 repul
805 3384 1005 3464 pubcrnacula
1019 3384 1150 3445 assidere
1165 3387 1223 3460 jus
1237 3388 1318 3445 esset.
1336 3385 1393 3444 llos
1413 3381 1504 3441 altius
1514 3399 1569 3458 pe·

345 3471 493 3548 micabat,
508 3477 657 3550 tamquam
680 3493 799 3552 reanum
812 3476 1034 3553 neapolitanum
1058 3479 1130 3535 esset
1144 3490 1213 3535 suae
1227 3476 1351 3534 ditionis
1364 3472 1490 3549 sactum.
1509 3474 1569 3535 lla·

344 3576 404 3634 ane
418 3562 537 3621 ireres
556 3569 590 3624 in
602 3570 734 3625 munima
757 3573 841 3646 repni
854 3565 1042 3626 comitatulo
1056 3581 1169 3625 summa
1182 3583 1279 3626 rerum
1294 3566 1458 3644 repandum
1472 3571 1564 3626 asten·

344 3655 392 3714 dil
402 3677 413 3712 .·
423 3661 452 3717 el
464 3675 500 3718 ea
507 3665 609 3737 pacto,
626 3680 724 3724 serens
739 3679 849 3742 moras,
864 3667 953 3722 ictum
966 3662 1066 3738 elusit,
1081 3679 1166 3737 quern
1179 3678 1250 3722 moa
1264 3663 1407 3724 lebelaoit
1422 3664 1496 3722 lcois
1507 3680 1564 3739 per

344 3747 447 3808 urbem
461 3749 590 3832 diffusus
607 3771 727 3814 rumor.-
742 3773 824 3814 oarea
835 3755 957 3832 funesta
963 3775 977 3825 ,⁰
996 3756 1099 3831 lienem
1122 3760 1153 3813 in
1166 3759 1242 3815 ciuis
1266 3773 1362 3830 apere.
1384 3756 1514 3816 Tandem
1528 3754 1566 3814 dc

344 3843 468 3903 Hatrilo
482 3863 528 3906 res
542 3853 648 3908 certior
658 3851 752 3928 sacto,
763 3855 790 3912 ct
804 3849 970 3927 exemplum
984 3854 1160 3925 testamenti,
1174 3853 1202 3910 et
1216 3853 1379 3926 intorreqni
1392 3847 1563 3907 constitutio

339 3937 475 4016 perlata.
498 3941 571 4001 Tum
595 3949 684 4005 etiam
696 3963 788 4006 novoe
799 3962 877 4024 spes,
892 3950 963 4005 narsi
982 3949 1073 4006 ructus
1079 3966 1091 4016 ‚·
1106 3950 1134 4004 el
1155 3944 1246 4025 dubia
1262 3946 1298 4005 dc
1319 3950 1394 4004 actis
1408 3950 1441 4004 iu
1454 3945 1563 4019 vulqus

343 4030 464 4109 dissita,
478 4038 666 4112 conjecturae
679 4039 716 4098 de
729 4037 854 4113 apenrlis
869 4039 1019 4098 adversae.
1037 4037 1076 4097 Et
1087 4041 1163 4098 inter
1177 4041 1319 4114 ancipites
1334 4054 1432 4115 curris,
1444 4040 1481 4098 dc
1502 4053 1564 4095 mo·

341 4124 488 4186 narclsiac
501 4130 647 4191 diuisione
665 4148 765 4193 ruraor·
781 4150 839 4210 per
853 4137 980 4192 cranium
995 4149 1047 4191 ora
1061 4130 1273 4208 disserebatur5
1286 4147 1340 4190 nec
1364 4135 1427 4192 sine
1438 4136 1566 4208 potioris

334 4221 439 4294 partis
460 4225 494 4280 in
511 4223 610 4287 Gallos
624 4244 755 4288 assensu.
777 4227 906 4289 Tandem
921 4227 1058 4302 allatum,
1074 4224 1259 4285 ludovicum
1273 4227 1319 4286 XI
1324 4225 1401 4286 Vad
1409 4233 1561 4303 parisien·

343 4327 391 4371 ses
403 4313 512 4375 Patres
532 4320 687 4383 retulisse:
703 4340 745 4383 nn
758 4327 874 4398 inlenro
894 4327 977 4400 repul
995 4321 1103 4382 Gallici
1125 4324 1277 4398 majestate
1291 4319 1453 4398 l‘bilippus
1468 4327 1567 4389 Ando-

341 4408 513 4473 Hm'enslum
525 4408 592 4467 dun
606 4408 759 4488 lcisponica
772 4429 928 4487 repuornm
943 4415 1153 4472 successionem
1176 4408 1261 4470 adire
1269 4416 1376 4487 posset.
1395 4413 1433 4474 Et
1456 4416 1492 4474 ab
1505 4437 1568 4478 am·

337 4493 479 4570 piissimo
490 4503 604 4580 ordine,
620 4505 710 4567 licere
723 4509 869 4568 decretum
877 4528 889 4577 ,-
905 4507 1025 4581 quando
1038 4510 1195 4582 utrumque
1210 4506 1373 4584 Imperium
1393 4513 1420 4568 et
1438 4510 1562 4571 Franci·

343 4607 411 4648 cum
424 4599 452 4652 ct
466 4598 664 4674 Hispanicum
678 4607 717 4663 iis
731 4603 844 4681 lapibus
856 4604 1014 4679 insudatum
1028 4608 1077 4679 sil,
1090 4608 1123 4662 ut
1137 4603 1262 4663 alterum
1280 4611 1319 4665 sil
1332 4604 1455 4666 alterius
1468 4611 1561 4685 impo-

344 4682 432 4742 li'eut·
452 4685 595 4768 Quodque
618 4713 653 4754 eu
668 4697 791 4757 Senatus
806 4700 979 4758 auctoritato
993 4702 1127 4774 nepotem
1140 4698 1226 4758 odiro
1234 4702 1359 4777 jusserit
1366 4718 1379 4769 ,·
1394 4715 1516 4778 cumque
1529 4709 1563 4763 in
