3942 5592
1440 491 1481 546 53

357 614 395 674 in
406 613 536 681 atraque
556 606 653 662 antem
669 617 762 662 causa
773 616 971 675 personarum
989 606 1154 680 peristases
1168 607 1237 664 sant
1252 600 1410 682 didicentes·
1433 619 1523 662 eaeci-

308 694 442 757 tiendac:
457 684 553 761 sncite
566 689 643 745 onim
656 689 712 753 cst,
730 683 875 741 audacem
887 681 990 757 [eccere
1003 685 1121 755 medes,-
1129 698 1252 744 camum
1266 682 1380 758 furari,
1395 688 1520 741 circam-

373 779 379 792 ·
394 789 421 831 e.

309 790 498 915 Miroundas
509 848 636 924 ponitur·
650 849 682 905 in
696 840 910 915 occasionibus,
925 861 978 922 spe
989 844 1189 923 perficiundi,
1210 844 1334 904 celandi
1341 884 1351 918 ,
1365 845 1523 919 impunita-

312 939 364 1012 tis,
377 936 406 994 ot
418 934 453 991 in
468 927 702 986 circumstantiis
716 927 773 999 eci,
791 938 894 1000 nempe
908 925 985 1000 ioco,
1001 931 1140 1005 tempora,
1156 930 1183 985 et
1204 923 1274 985 ediis
1287 926 1436 987 a‘asmoai
1442 945 1455 996 ‚·
1469 937 1523 980 noc

311 1032 373 1077 aon
385 1016 420 1071 in
433 1009 664 1069 circumstantiis
675 1021 834 1080 personna.

354 1095 451 1171 &aaa
465 1092 561 1149 andem
575 1090 644 1146 sicat
658 1084 751 1160 dicta,
765 1088 793 1144 et
804 1081 889 1158 sacta
904 1088 1118 1165 antecedentia,
1132 1089 1321 1162 comitantia,
1345 1099 1523 1161 consequen-

309 1178 367 1249 tia,
383 1175 415 1233 at
428 1174 540 1242 minae,
551 1165 693 1241 consitio,
708 1167 886 1240 apparatus,
900 1169 1044 1241 insidiae,
1061 1167 1183 1244 turbae,
1204 1166 1346 1226 clamores
1361 1207 1370 1239 ,
1394 1162 1482 1241 supa,
1495 1168 1524 1223 et

310 1257 408 1316 animi
421 1250 481 1310 sibi
491 1247 569 1308 maie
583 1248 695 1305 conscii
708 1243 834 1320 iudicia,
848 1249 881 1303 ut
895 1247 1075 1327 trepidatio,
1092 1247 1230 1307 titubatio
1244 1287 1252 1316 ,
1268 1248 1371 1306 antius
1385 1247 1523 1306 deiectam.

352 1330 521 1408 Memoris
531 1333 634 1405 partes
649 1328 728 1401 sant,
742 1329 774 1384 at
788 1341 902 1402 causas,
914 1324 1133 1404 facultatesque
1144 1330 1404 1404 principianepet,
1419 1329 1452 1383 nt
1464 1338 1525 1382 non

310 1430 376 1475 osse
387 1410 560 1481 uerisimile,
574 1408 655 1484 quod
661 1423 722 1483 pro
736 1406 820 1464 tucro
834 1409 957 1481 caipuo,
967 1412 996 1466 et
1010 1413 1133 1482 incerto,
1142 1412 1327 1484 praesentio,
1340 1411 1368 1464 et
1381 1410 1444 1465 tata
1454 1419 1523 1463 reas

311 1497 347 1554 in
359 1493 520 1556 discrimm
534 1489 702 1548 adduceret.
722 1487 802 1546 Satis
826 1500 909 1544 reum
923 1491 1020 1565 ipsum
1034 1490 1171 1548 indicare
1194 1503 1245 1546 reo
1266 1485 1443 1564 [natitatem
1465 1501 1526 1543 non

309 1572 418 1649 suisne,
433 1570 532 1631 cnido
546 1572 641 1644 capite
656 1565 823 1627 decernenti
835 1583 920 1626 nemo
933 1568 1203 1630 advocaturadsit.
1219 1569 1292 1628 Tam
1305 1572 1332 1626 si
1344 1565 1417 1628 liaeo
1430 1580 1525 1642 nepa·

313 1670 348 1713 re
357 1669 418 1712 nan
432 1653 538 1727 possit,
553 1652 628 1708 cesto
642 1648 781 1719 attenuet,
793 1649 820 1704 et
834 1648 995 1724 concinnet.

354 1734 447 1812 Qua
459 1735 568 1801 autem
582 1744 657 1803 quae
671 1729 778 1804 nepari
790 1742 851 1785 noa
859 1733 999 1804 possunt,
1012 1728 1060 1791 oei
1074 1733 1200 1806 comat,
1216 1731 1264 1792 oei
1278 1729 1424 1793 invertat:
1438 1741 1524 1785 noer·

315 1817 372 1891 tat,
385 1816 419 1871 at
432 1826 529 1870 ensem
550 1811 730 1867 cruentatum
743 1822 803 1865 nan
816 1823 879 1866 essa
893 1807 1067 1869 brachium.-
1082 1814 1228 1887 incentat,
1242 1818 1275 1871 ut
1296 1812 1412 1868 tantum
1430 1806 1523 1880 abest,

314 1895 397 1970 qaod
406 1893 480 1967 qaia
490 1888 571 1967 sapit
585 1890 704 1962 occidit,
719 1891 751 1944 ut
764 1891 792 1945 si
810 1889 966 1948 occidisset
979 1895 1079 1969 edique
1092 1906 1152 1948 non
1161 1889 1304 1967 fudisset.

358 1972 398 2034 In
411 1975 491 2030 stata
500 1971 615 2046 finitiva
629 1969 687 2029 toci
699 1970 818 2041 utrique
827 1970 915 2043 parti
929 1986 1093 2031 communes
1108 1976 1197 2029 sunt:
1212 1978 1244 2034 at
1261 1973 1386 2050 definiat
1399 1974 1523 2044 utaque

313 2070 404 2134 fiam
424 2055 556 2110 macione
562 2052 659 2126 potest
673 2049 715 2107 ad
729 2061 907 2107 communem
920 2065 1055 2127 sensam,
1079 2055 1108 2110 ct
1120 2056 1181 2108 aaa
1193 2054 1278 2114 verbi
1291 2050 1527 2114 acommodata·

313 2136 430 2196 Deinde
442 2130 580 2191 adduciis
593 2126 753 2200 similibus,
771 2132 798 2186 et
811 2129 955 2205 coemptis
970 2131 1110 2207 aliorum,
1122 2136 1175 2206 qai
1189 2139 1233 2195 ita
1242 2135 1331 2194 tocniii
1344 2134 1426 2206 suat,
1438 2142 1524 2189 suam

312 2213 515 2292 definitionem
529 2209 696 2285 confirmet,
713 2206 891 2283 infi'mnetqac
905 2217 1095 2271 contrariam.
1113 2213 1258 2291 Enernpii
1269 2218 1383 2292 qratia.
1400 2212 1526 2271 Accusa-

312 2301 358 2355 tor
371 2289 585 2368 dicat,surtam
598 2307 659 2350 esse
671 2292 864 2349 incensionem
878 2289 995 2349 atienae
1001 2297 1210 2366 possessionis·
1216 2312 1302 2356 usam
1312 2297 1410 2354 autem
1420 2304 1526 2368 quam·

313 2375 385 2436 dnm
398 2379 444 2433 cei
455 2375 668 2448 possessionem
681 2386 763 2434 esse,
779 2373 807 2426 et
819 2373 865 2429 rei
882 2370 1081 2430 commodatae
1096 2389 1158 2448 pro
1173 2381 1301 2453 tempore
1328 2377 1482 2441 nastrum
1496 2372 1525 2428 ct

313 2462 359 2518 ita
372 2455 462 2532 ioqui
473 2450 706 2512 iurisconsultos.
723 2451 803 2510 deas
814 2450 908 2525 dieat,
918 2448 1033 2525 fartam
1046 2469 1109 2514 esse
1119 2460 1375 2517 contrectationum
1390 2455 1434 2513 rei
1448 2450 1524 2511 atie·

352 2768 403 2826 Not
417 2769 558 2840 disputare
573 2768 599 2826 di
614 2769 748 2826 amendne
762 2778 860 2843 questo
875 2773 982 2846 nogioni
997 2772 1023 2829 ia
1037 2775 1157 2831 mostiori
1171 2775 1335 2845 smcittinare
1348 2772 1373 2830 le
1387 2772 1527 2828 condizio-

314 2845 340 2900 ni
352 2887 359 2913 ,
373 2862 388 2901 o
403 2844 427 2900 io
440 2846 547 2917 quatiti
561 2845 629 2901 deiio
644 2862 770 2916 persone,
785 2849 902 2904 essendo
917 2848 997 2904 tacito
1010 2849 1062 2906 cho
1076 2866 1113 2906 un
1127 2852 1233 2906 audace
1247 2856 1394 2905 commotio
1407 2863 1524 2903 ammac-

316 2922 449 2993 zamonti,
465 2937 501 2976 ιιιι
516 2937 596 2977 niara
611 2922 675 2977 iunii
690 2937 704 2976 o
720 2923 883 2978 [indolence.

357 3000 394 3052 La
408 2997 539 3053 inanitio
554 2997 656 3067 ripastn
671 2997 740 3051 neila
754 2999 910 3065 accensioni3
924 2999 995 3054 nolin
1010 3014 1138 3068 speranza
1152 2998 1178 3054 di
1192 2999 1329 3055 condnrco
1344 3017 1359 3054 a
1379 3000 1430 3053 ine
1445 2997 1461 3052 il
1476 3014 1527 3051 sno

319 3073 436 3145 intento,
452 3073 478 3129 di
493 3073 604 3144 coiarsi,
619 3072 644 3128 di
659 3080 782 3128 attenoco
797 3075 951 3144 impuniti,
973 3092 988 3129 e
1009 3076 1079 3130 neiie
1100 3076 1268 3132 aiccostanze
1290 3074 1361 3131 dotia
1374 3091 1450 3142 casn,
1466 3072 1527 3130 cioe

317 3147 359 3204 nei
374 3148 471 3221 tango,
487 3151 529 3204 noi
545 3156 648 3219 tempo,
664 3149 782 3219 esimiii3
799 3150 970 3220 apartmenti
985 3151 1053 3205 nolio
1066 3151 1235 3206 eiccostanze
1250 3151 1319 3207 detta
1334 3165 1459 3221 persana.

358 3225 369 3279 l
384 3227 461 3296 segni
477 3240 544 3280 sono
558 3226 565 3278 i
581 3225 647 3280 dotti
662 3239 677 3277 n
693 3226 700 3278 i
714 3225 786 3296 fatti,
802 3227 984 3295 antecedenti,
1001 3228 1205 3295 ειιιιοιιιιιιιιιιιιι1
1220 3227 1396 3299 ennsegnenti
1410 3245 1417 3295 3
1434 3241 1481 3294 per
1496 3240 1525 3280 e·

317 3302 432 3371 serapio,
450 3302 584 3369 minacco,
600 3301 725 3372 consigii,
741 3305 955 3372 pcepacacnenti,
972 3302 1078 3372 insidis,
1094 3304 1175 3374 gridi,
1192 3306 1265 3374 tinga:
1282 3302 1347 3375 ogit
1362 3302 1439 3358 indici
1453 3301 1524 3357 d'un

317 3377 406 3431 anima
420 3391 436 3431 a
450 3376 480 3432 so
494 3377 606 3432 conscio
622 3375 664 3430 dei
679 3376 730 3431 mai
746 3377 825 3450 inito,
845 3394 923 3433 como
944 3379 960 3433 ii
976 3387 1102 3449 tremore,
1119 3379 1137 3435 it
1153 3378 1290 3449 vacillare,
1306 3380 1322 3434 i’
1333 3380 1524 3435 abbattimonta

316 3451 359 3507 dei
373 3451 458 3507 volta.

359 3527 430 3583 Parti
445 3543 460 3583 o
474 3526 545 3582 niiizi
561 3527 604 3582 dci
620 3526 756 3584 disensnro
772 3545 852 3585 sonci:
876 3545 960 3601 nogat
974 3529 1008 3584 cia
1029 3532 1199 3602 principiale
1214 3530 1319 3603 cagiani
1340 3552 1355 3589 e
1376 3531 1400 3586 io
1414 3529 1523 3584 iacoitii.

316 3604 367 3658 Per
386 3605 522 3673 osempio,
539 3602 654 3659 dicendo
671 3621 723 3660 non
738 3622 812 3660 osser
829 3605 968 3660 verisimile
981 3606 1031 3660 che
1044 3606 1062 3660 it
1078 3624 1124 3663 sao
1137 3624 1184 3678 par
1199 3609 1310 3680 cagiono
1322 3610 1347 3666 di
1360 3606 1477 3680 piccioio
1491 3603 1525 3658 cd

315 3680 425 3734 incocto
436 3679 517 3735 lucra
532 3678 638 3734 volesso
652 3696 757 3749 parma
770 3681 931 3755 sipontagiin
945 3683 1068 3736 intercisi
1083 3686 1203 3755 presenti
1217 3700 1231 3738 e
1243 3686 1337 3756 sicani,
1352 3701 1367 3741 e.
1380 3682 1450 3739 datto
1461 3695 1527 3736 caso

318 3760 408 3810 siesse
428 3755 611 3823 dimostcncsi,
635 3757 685 3810 che
705 3756 728 3811 ni
750 3773 796 3811 rao
811 3760 907 3813 manci)
922 3757 945 3812 ia
961 3756 1077 3829 tantm,
1094 3760 1301 3817 canciossinciio
1317 3764 1341 3817 in
1358 3777 1393 3815 nn
1406 3757 1523 3831 gindizio

318 3830 437 3901 capitale
451 3832 516 3885 niun
528 3838 660 3886 avvocnto
676 3831 701 3885 ia
716 3833 823 3887 assiste.
841 3833 895 3888 Che
911 3849 939 3888 so
953 3850 1008 3888 non
1022 3835 1078 3904 pud
1092 3852 1176 3909 negas
1191 3837 1215 3891 io
1230 3843 1382 3893 montovalo
1397 3833 1528 3890 inanitio

317 3906 436 3978 angiam,
453 3906 476 3960 te
490 3907 584 3961 iscemi
600 3923 614 3961 e
628 3906 797 3963 indaicoiisna
812 3914 916 3979 quanto
929 3910 995 3979 pao.

355 3985 365 4037 Ι
381 3983 457 4054 segni
472 3984 517 4052 poi
531 3983 582 4037 che
596 3998 680 4054 nognr
696 3998 748 4038 nnn
764 3985 785 4039 si
799 4000 918 4054 possano
935 3985 1019 4040 nenda
1034 3983 1239 4058 insignitam,
1255 3999 1334 4039 came
1348 3982 1483 4040 dicendo:
1500 3980 1526 4036 ia

321 4058 407 4129 spada
422 4059 474 4113 che
487 4058 605 4113 tcovossi
619 4061 808 4130 insanguinntn
822 4077 874 4114 cion
888 4060 903 4116 o
917 4062 961 4133 gii
975 4062 991 4116 ii
1006 4061 1118 4116 braccio
1133 4060 1174 4114 det
1191 4075 1246 4113 reo.
1264 4060 1286 4114 0
1300 4057 1418 4130 taceagii
1432 4060 1466 4115 ad
1479 4073 1528 4128 op·

319 4140 401 4206 posta
413 4133 623 4205 signiticaziono,
640 4150 717 4189 crime
734 4155 739 4189 :
757 4144 830 4190 tanto
843 4135 857 4191 e
871 4136 939 4192 salso
954 4138 1005 4192 che
1021 4137 1140 4210 tuggisse
1156 4151 1203 4205 por
1217 4151 1296 4190 avene
1312 4135 1415 4207 acciso,
1431 4137 1481 4192 che
1496 4149 1528 4188 se

316 4224 412 4267 ncesse
426 4212 535 4279 ucoiso,
550 4225 604 4264 non
618 4211 733 4265 sanobbo
747 4220 914 4267 certamente
927 4213 1047 4284 inagna,

359 4284 439 4340 Notio
455 4293 523 4340 stato
538 4283 672 4340 detinitivo
688 4288 693 4339 i
710 4286 803 4358 iuoghi
818 4305 866 4342 son
879 4290 990 4342 comani
1004 4288 1038 4343 ad
1052 4285 1129 4341 antico
1144 4285 1167 4341 ie
1182 4287 1259 4355 pacti.
1276 4285 1444 4339 Acciisatoce
1458 4301 1473 4340 e
1487 4285 1529 4341 di·

316 4356 431 4416 tonsore
446 4360 614 4432 difiniscnno,
628 4367 730 4431 (incanto
746 4363 1004 4434 possano,secondo
1019 4362 1036 4418 ii
1051 4377 1152 4417 camina
1167 4378 1247 4416 senso
1260 4361 1403 4417 eseconda
1417 4360 1441 4414 ia
1457 4360 1530 4418 tonza

319 4434 491 4492 de’vacabaii
507 4439 787 4508 contnosecsidinppni
800 4439 1023 4495 ciascunoadotti
1033 4439 1069 4510 gii
1083 4438 1184 4508 esempj
1196 4437 1220 4492 di
1231 4437 1296 4493 altci
1307 4437 1357 4491 atie
1368 4436 1530 4495 simiimonio

319 4526 423 4567 usncon
438 4512 527 4583 nicetio
543 4513 648 4582 parato,
665 4513 794 4568 conformi
810 4515 835 4569 in
850 4531 899 4571 sua
914 4513 1143 4582 detiniziono,eia
1157 4512 1467 4569 contrariadisie1·mi.n
1484 4529 1529 4570 ca·

317 4587 382 4658 gion
397 4587 423 4642 d'
436 4588 568 4658 osempio,
585 4589 647 4645 dica
662 4588 678 4642 ι’
692 4595 875 4661 accusatore,
898 4587 1045 4660 chosnrto
1064 4589 1079 4644 ὸ
1094 4588 1110 4643 ii
1132 4591 1349 4659 pertinebamonto
1371 4588 1432 4642 deti'
1445 4589 1529 4647 aitrui

319 4677 451 4732 possesso
466 4663 490 4718 d'
502 4680 557 4718 una
571 4680 646 4733 casa,
662 4664 738 4720 eche
753 4665 828 4719 l'nsn
840 4666 911 4722 detta
926 4681 992 4720 cosa
1007 4667 1161 4736 improstata
1171 4665 1186 4722 ὸ
1198 4675 1293 4721 nostra
1303 4664 1346 4735 pet
1360 4670 1450 4733 tempo
1463 4680 1529 4722 con·

320 4746 435 4796 nennio.
451 4739 471 4795 li
487 4755 534 4795 roo
549 4738 621 4812 dica,
634 4738 780 4811 chosarto
794 4740 809 4796 ὲ
824 4743 842 4797 it
856 4742 997 4814 prendorsi
1012 4758 1064 4798 con
1079 4757 1158 4798 mano
1173 4742 1197 4799 ia
1215 4743 1281 4798 roba
1295 4741 1391 4810 altini,
1408 4739 1461 4796 cho
1475 4757 1529 4798 non

458 4843 535 4899 Vico.
547 4850 728 4901 institucioni
740 4847 875 4904 oratorie.
1360 4853 1376 4900 ct
