3942 5592
422 477 461 539 56

581 585 668 647 Musa
681 585 763 646 dedit
773 581 884 660 fidibus
898 583 982 644 diuos
989 595 1156 658 puerosque
1169 577 1301 656 deorum

541 681 579 745 m
590 679 722 761 pugilem
733 681 871 740 uictorem
883 680 911 736 et
923 691 1031 754 equum
1043 677 1202 735 catonum
1213 677 1355 752 pomum,

540 773 579 836 El
594 778 732 834 trauersum
744 787 842 846 euros,
857 773 885 830 et
898 769 991 830 libera
1003 770 1075 829 eiua
1088 761 1214 845 referre.
1557 756 1597 827 85

580 861 750 940 Descnptus
763 877 881 925 souare
893 865 968 923 uices
982 875 1157 937 operumque
1170 857 1293 935 colores,

543 956 603 1018 Cur
615 973 680 1036 epo,
693 958 721 1017 si
732 970 843 1032 nequeo
856 955 1030 1030 ignoroque,
1041 953 1130 1027 poeta
1140 949 1283 1015 solutor?

542 1051 601 1112 Cur
613 1055 737 1129 rescire,
746 1048 864 1128 pudero
873 1064 982 1125 praue,
996 1062 1084 1124 quma
1094 1047 1207 1109 discere
1219 1044 1324 1106 molo?

588 1143 722 1208 Versibus
735 1147 846 1222 anparai
858 1145 978 1221 tragicis
991 1158 1039 1202 res
1052 1146 1161 1202 amnica
1173 1156 1234 1200 nors
1246 1139 1311 1214 uult
1318 1158 1332 1209 ‚·

537 1242 715 1327 indignatur
727 1246 795 1304 itan
805 1245 933 1319 privatis
946 1256 982 1311 ac
990 1255 1086 1317 prope
1098 1254 1182 1298 socco
1209 1226 1214 1246 '

540 1340 646 1417 Diouis
659 1337 836 1400 coraambus
849 1341 971 1398 narrari
984 1350 1074 1396 caeua
1095 1333 1247 1413 Tltyestae.

543 1429 671 1510 stupida
682 1448 817 1517 quaeque
830 1431 926 1492 loeson
939 1432 1055 1490 teoeaut
1067 1432 1172 1490 sortita
1184 1429 1331 1489 deceuier.

542 1521 694 1586 Interdum
706 1528 803 1584 tumea
815 1528 843 1585 et
855 1536 953 1583 uocem
962 1523 1112 1583 comoedia
1122 1520 1211 1600 tollit,

534 1613 690 1693 iratusque
707 1612 838 1678 Clereuscs
851 1614 963 1676 tuadda
976 1616 1110 1693 delitigat
1121 1634 1189 1677 ore:

538 1708 577 1770 nt
590 1713 722 1787 tropicus
729 1709 904 1788 plerumque
918 1707 996 1769 dalet
1009 1727 1139 1771 serrum
1146 1713 1289 1788 pedestri.

543 1801 686 1882 Telephus
698 1810 725 1868 el
737 1805 840 1867 Peleus
855 1819 1045 1881 compauper
1057 1807 1085 1863 el
1098 1806 1198 1887 exsul,
1211 1814 1334 1886 uterque

539 1897 663 1959 Proiicit
677 1900 826 1977 ampullas
840 1905 867 1961 et
880 1903 1097 1980 sesquipedalia
1105 1901 1205 1977 umba,

543 1990 579 2053 Si
591 1996 676 2052 curat
689 2010 738 2053 cur
751 1998 906 2072 spectaretis
921 1997 1047 2072 teupisse
1060 1993 1190 2073 querela.

581 2083 650 2150 Noa
664 2090 738 2150 satis
749 2092 791 2149 est
800 2085 935 2164 pulclra
949 2104 1010 2150 esse
1019 2092 1176 2164 poemata:
1190 2087 1294 2150 dula'a
1307 2092 1395 2151 sunto
1401 2108 1415 2158 ‚·
1440 2139 1446 2150 .

539 2181 892 2261 thaocumqueoaleol,
908 2188 1040 2244 animum
1053 2184 1331 2260 meditariscpurrta.
1543 2182 1600 2243 100

542 2277 577 2337 llt
589 2275 752 2337 ridentibus
765 2277 908 2353 arrideat,
923 2280 964 2336 ita
972 2274 1109 2354 [lantibus
1123 2277 1231 2354 capeat

416 2427 461 2480 83.
477 2424 572 2482 Musa
584 2420 793 2496 dedltfidilrus)
807 2422 926 2480 Tandem
939 2423 1063 2493 provenit
1076 2422 1166 2491 poesis
1179 2421 1294 2492 melica,
1308 2438 1363 2495 qua
1375 2421 1457 2498 lyrica
1470 2428 1597 2494 poemata

370 2525 411 2568 ‘ex
425 2509 689 2582 choreisiamhisque
704 2509 894 2583 utplurimum
907 2507 1122 2565 concinnantur:
1144 2509 1262 2564 choreus
1281 2523 1397 2580 namque
1417 2513 1459 2564 est
1477 2513 1592 2564 naturae

380 2601 553 2673 conveniens,
567 2608 600 2658 ut
611 2603 663 2674 qni
674 2617 690 2658 a
701 2601 836 2674 producta
850 2600 942 2673 incipit
954 2601 980 2657 in
993 2608 1147 2671 correptam
1161 2601 1266 2669 desinit,
1281 2600 1320 2654 nti
1333 2599 1490 2657 naturaliter
1503 2606 1596 2655 motus

377 2691 508 2762 principio
521 2692 635 2765 tardior,
649 2692 676 2747 in
687 2691 738 2747 fine
750 2691 868 2748 velocior
882 2696 933 2748 est:
949 2697 976 2746 et
989 2688 1026 2746 ita
1038 2689 1090 2746 hoc
1101 2706 1187 2763 genus
1197 2705 1313 2760 poeseos
1323 2695 1512 2761 temperatum,
1523 2688 1598 2762 quod

349 2763 358 2780 ’
378 2777 473 2836 laudat
485 2779 561 2854 deos,
576 2779 683 2853 heroas,
697 2778 826 2836 ludorum
839 2779 967 2850 victores,
981 2777 1100 2852 poenas,
1109 2794 1180 2851 quae
1193 2779 1218 2834 in
1229 2778 1331 2836 deliciis
1345 2778 1477 2835 habentur
1486 2785 1515 2835 et
1524 2778 1600 2850 vitia,

377 2880 413 2924 ex
426 2867 537 2925 acribus
550 2869 645 2928 iambis
658 2876 686 2928 et
699 2868 804 2927 leuibus
818 2867 951 2926 trochaeis
965 2869 1142 2926 commistum
1156 2875 1207 2925 est.

826 2973 872 3020 lte
883 2973 1003 3021 deeora
1014 2972 1149 3033 poetiw.
1222 3035 1233 3045 μ
1406 3040 1408 3043 Ι

415 3070 462 3126 86.
477 3069 650 3142 Descriptus
664 3082 781 3125 servare
793 3067 879 3139 uices)
894 3066 958 3123 Heia
972 3067 1122 3138 generatim
1137 3064 1170 3122 de
1183 3065 1289 3137 poetico
1303 3066 1403 3124 decoro
1416 3073 1598 3140 praeceptum

377 3146 526 3233 proponit,
541 3158 615 3231 quud
627 3160 654 3215 in
668 3164 791 3232 poemate
805 3157 861 3215 sive
874 3158 974 3230 opica,
995 3156 1051 3214 sive
1065 3156 1217 3214 dramatico
1232 3159 1314 3215 teneri
1327 3163 1452 3229 oportet,
1473 3165 1504 3214 ut
1522 3165 1602 3229 poeta

377 3251 564 3320 servatrices,
579 3264 627 3306 sen
642 3254 743 3322 partes,
757 3263 827 3321 queas
840 3247 882 3304 sui
899 3248 1032 3318 poematis
1045 3248 1166 3320 personia
1180 3247 1262 3304 mmet
1275 3247 1429 3319 adscripsit.

420 3340 459 3396 lb.
478 3339 658 3412 Operumqsse
670 3338 788 3411 colores)
809 3341 967 3396 Poematum
981 3339 1141 3396 mendacia:
1163 3347 1194 3396 ut
1206 3340 1319 3396 Plautus
1332 3341 1452 3398 obtinere
1466 3339 1598 3411 colorem,

380 3430 454 3504 dixit,
469 3432 641 3490 mendacium
653 3434 818 3506 excogitare,
832 3431 907 3504 qttod
919 3431 953 3487 ab
966 3433 1039 3489 amni
1051 3432 1111 3504 ejtta
1124 3439 1200 3505 parte
1213 3448 1264 3504 pro
1276 3448 1341 3490 reru
1354 3434 1462 3504 probes.

792 3570 837 3621 De
849 3574 967 3622 decoro
978 3571 1045 3621 utili
1055 3571 1182 3634 poetici.

419 3685 467 3740 89.
486 3682 623 3740 Versibus
632 3685 740 3756 enpoat
753 3685 883 3757 tropicis)
899 3683 966 3740 Hinc
981 3685 1072 3756 incipit
1084 3682 1265 3756 particulatim
1278 3681 1371 3739 decori
1385 3690 1532 3756 praecepta
1542 3689 1601 3740 tra·

381 3772 456 3845 dere,
470 3777 497 3826 et
509 3771 628 3843 primum
637 3772 746 3844 quidem
756 3771 788 3829 de
799 3774 898 3831 decoro
908 3775 962 3831 stili
973 3773 1083 3846 poetici;
1094 3774 1167 3846 quod
1176 3788 1344 3847 quamquam
1354 3772 1558 3847 in'argomentis
1567 3774 1601 3832 de

378 3858 517 3916 comoedia
530 3865 557 3916 et
570 3860 708 3933 tragoedia
722 3866 864 3935 proponat,
879 3868 943 3919 suut
956 3871 1045 3921 tamen
1058 3862 1203 3933 epopoeiae
1215 3874 1324 3933 quoque
1335 3860 1416 3917 etiarn
1429 3864 1595 3920 communia.
1617 3920 1619 3926 A

418 3950 464 4005 91.
484 3945 617 4019 Tumida)
632 3949 700 4015 Quia
713 3948 752 4004 ira
766 3948 878 4005 allectus
891 3956 934 4008 est
945 3956 1059 4008 naturae
1073 3950 1213 4022 sublimis,
1229 3949 1299 4006 unde
1313 3951 1447 4008 Homerus
1460 3954 1488 4008 in
1502 3952 1599 4012 uude

376 4035 443 4092 iram
456 4034 661 4092 Achilliscanit.
1039 4057 1043 4064 ·

413 4130 459 4184 95.
474 4130 613 4183 Sermone
622 4125 761 4201 pedestri)
775 4128 841 4196 Quin
855 4132 951 4188 infirmi
964 4130 1043 4187 animi
1056 4135 1099 4186 est
1113 4129 1207 4186 dolore
1220 4132 1340 4202 percelli.

415 4217 460 4272 96.
478 4212 552 4269 Crem
562 4214 687 4289 pauper)
703 4217 833 4289 tegerem
847 4235 902 4275 car
912 4234 1049 4293 pauper,
1064 4233 1119 4290 qtae
1132 4217 1214 4273 unios
1228 4216 1349 4276 literulae
1364 4223 1548 4288 correctione,
1576 4230 1605 4280 et

378 4306 484 4363 acutior
498 4312 540 4360 est
553 4307 692 4377 sententia,
708 4315 735 4365 et
748 4308 830 4367 latina
843 4311 930 4368 oratio
944 4311 1056 4368 tectim.
1634 4313 1637 4319 '

417 4401 463 4453 98.
484 4390 619 4469 Querela)
634 4397 674 4451 Ex
687 4401 820 4468 superiori
833 4401 1020 4459 emendatione
1032 4400 1091 4458 heia
1106 4400 1250 4475 legendum
1263 4399 1409 4473 querela?

412 4488 459 4542 99.
475 4480 617 4554 Pulchra)
631 4485 705 4551 Quae
719 4489 904 4546 tantummodo
919 4488 1054 4546 delectant
1067 4490 1215 4562 ingenium,
1231 4505 1316 4562 quoru
1326 4490 1357 4545 iis
1367 4489 1538 4549 acclamatur
1551 4511 1603 4552 eu·

375 4591 419 4646 pe,
435 4570 517 4643 belle,
531 4573 655 4646 sopiens,
672 4575 745 4646 qttod
759 4592 822 4635 saue
836 4579 885 4652 fit,
900 4595 986 4652 quum
1001 4581 1107 4637 animus
1121 4580 1245 4654 sciatur,
1260 4595 1310 4638 nec
1323 4580 1380 4640 ullo
1397 4583 1513 4642 allectus
1527 4595 1605 4645 motu

376 4662 472 4718 cietur·

414 4750 453 4805 tts.
471 4748 590 4823 nestero)
606 4755 678 4820 Quae
693 4759 811 4817 suaviter
825 4757 944 4818 afficiant
957 4761 1071 4820 animos.
