<?xml version="1.0" encoding="UTF-8"?>
<!DOCTYPE html PUBLIC "-//W3C//DTD XHTML 1.0 Transitional//EN"
    "http://www.w3.org/TR/xhtml1/DTD/xhtml1-transitional.dtd">
<html xmlns="http://www.w3.org/1999/xhtml" xml:lang="en" lang="en">
 <head>
  <title>
</title>
<meta http-equiv="Content-Type" content="text/html;charset=utf-8" />
  <meta name='ocr-system' content='tesseract 3.04.00' />
  <meta name='ocr-capabilities' content='ocr_page ocr_carea ocr_par ocr_line ocrx_word'/>
</head>
<body>
  <div class='ocr_page' id='page_1' title='image "./operedigiambatt01ferrgoog_0194.png"; bbox 0 0 3942 5592; ppageno 0'>
   <div class='ocr_carea' id='block_1_1' title="bbox 408 600 1634 1154">
    <p class='ocr_par' dir='ltr' id='par_1_1' title="bbox 408 600 1634 1154">
     <span class='ocr_line' id='line_1_1' title="bbox 410 600 1632 692; baseline 0.003 -18"><span class='ocrx_word' id='word_1_1' title='bbox 410 600 609 692; x_wconf 74' lang='lat' dir='ltr'><strong><em>praefectur,</em></strong></span> <span class='ocrx_word' id='word_1_2' title='bbox 622 609 768 675; x_wconf 75' lang='lat' dir='ltr'><strong><em>mornissis</em></strong></span> <span class='ocrx_word' id='word_1_3' title='bbox 779 611 996 687; x_wconf 75' lang='lat' dir='ltr'><strong><em>percussoribus</em></strong></span> <span class='ocrx_word' id='word_1_4' title='bbox 1019 610 1245 686; x_wconf 73' lang='lat' dir='ltr'><strong><em>interficiendum</em></strong></span> <span class='ocrx_word' id='word_1_5' title='bbox 1259 613 1435 690; x_wconf 84' lang='lat' dir='ltr'><strong><em>mandasset,</em></strong></span> <span class='ocrx_word' id='word_1_6' title='bbox 1450 622 1478 677; x_wconf 89' lang='lat' dir='ltr'><strong><em>si</em></strong></span> <span class='ocrx_word' id='word_1_7' title='bbox 1495 633 1565 675; x_wconf 88' lang='lat' dir='ltr'><strong><em>uero</em></strong></span> <span class='ocrx_word' id='word_1_8' title='bbox 1580 617 1632 678; x_wconf 83' lang='lat' dir='ltr'><strong><em>suo</em></strong></span> 
     </span>
     <span class='ocr_line' id='line_1_2' title="bbox 415 699 1631 780; baseline 0.001 -16"><span class='ocrx_word' id='word_1_9' title='bbox 415 703 552 764; x_wconf 72' lang='lat' dir='ltr'><strong><em>emersio</em></strong></span> <span class='ocrx_word' id='word_1_10' title='bbox 565 700 689 780; x_wconf 78' lang='lat' dir='ltr'><strong><em>Prorepe</em></strong></span> <span class='ocrx_word' id='word_1_11' title='bbox 703 702 740 762; x_wconf 86' lang='lat' dir='ltr'><strong><em>cle</em></strong></span> <span class='ocrx_word' id='word_1_12' title='bbox 752 699 834 776; x_wconf 72' lang='lat' dir='ltr'><strong><em>tacta</em></strong></span> <span class='ocrx_word' id='word_1_13' title='bbox 844 703 932 762; x_wconf 87' lang='lat' dir='ltr'><strong><em>coede</em></strong></span> <span class='ocrx_word' id='word_1_14' title='bbox 942 704 1072 778; x_wconf 74' lang='lat' dir='ltr'><strong><em>quaestio</em></strong></span> <span class='ocrx_word' id='word_1_15' title='bbox 1084 699 1196 780; x_wconf 79' lang='lat' dir='ltr'><strong><em>labda,</em></strong></span> <span class='ocrx_word' id='word_1_16' title='bbox 1210 709 1268 766; x_wconf 89' lang='lat' dir='ltr'><strong><em>nisi</em></strong></span> <span class='ocrx_word' id='word_1_17' title='bbox 1279 721 1347 763; x_wconf 86' lang='lat' dir='ltr'><strong><em>vero</em></strong></span> <span class='ocrx_word' id='word_1_18' title='bbox 1360 722 1449 780; x_wconf 84' lang='lat' dir='ltr'><strong><em>quam</em></strong></span> <span class='ocrx_word' id='word_1_19' title='bbox 1457 705 1631 767; x_wconf 72' lang='lat' dir='ltr'><em>simultatem</em></span> 
     </span>
     <span class='ocr_line' id='line_1_3' title="bbox 411 794 1634 884; baseline 0.002 -26"><span class='ocrx_word' id='word_1_20' title='bbox 411 815 477 858; x_wconf 73' lang='lat' dir='ltr'><strong><em>euos</em></strong></span> <span class='ocrx_word' id='word_1_21' title='bbox 490 796 630 859; x_wconf 85' lang='lat' dir='ltr'><strong><em>Lacerda</em></strong></span> <span class='ocrx_word' id='word_1_22' title='bbox 649 798 691 857; x_wconf 92' lang='lat' dir='ltr'><strong><em>ad</em></strong></span> <span class='ocrx_word' id='word_1_23' title='bbox 702 813 841 859; x_wconf 86' lang='lat' dir='ltr'><strong><em>sumnum</em></strong></span> <span class='ocrx_word' id='word_1_24' title='bbox 861 794 1027 871; x_wconf 76' lang='lat' dir='ltr'><strong><em>Pontificem</em></strong></span> <span class='ocrx_word' id='word_1_25' title='bbox 1046 794 1168 871; x_wconf 80' lang='lat' dir='ltr'><strong><em>Lepato,</em></strong></span> <span class='ocrx_word' id='word_1_26' title='bbox 1185 799 1292 858; x_wconf 85' lang='lat' dir='ltr'><strong><em>Itmrme</em></strong></span> <span class='ocrx_word' id='word_1_27' title='bbox 1313 806 1489 876; x_wconf 78' lang='lat' dir='ltr'><strong><em>susceperat,</em></strong></span> <span class='ocrx_word' id='word_1_28' title='bbox 1503 806 1531 861; x_wconf 90' lang='lat' dir='ltr'><strong><em>st</em></strong></span> <span class='ocrx_word' id='word_1_29' title='bbox 1545 801 1634 884; x_wconf 23' lang='lat' dir='ltr'><strong><em>temo-¹</em></strong></span> 
     </span>
     <span class='ocr_line' id='line_1_4' title="bbox 410 889 1631 972; baseline 0.002 -17"><span class='ocrx_word' id='word_1_30' title='bbox 410 898 521 955; x_wconf 69' lang='lat' dir='ltr'><strong><em>oerstiw</em></strong></span> <span class='ocrx_word' id='word_1_31' title='bbox 534 891 599 954; x_wconf 79' lang='lat' dir='ltr'><strong><em>XII</em></strong></span> <span class='ocrx_word' id='word_1_32' title='bbox 605 909 670 952; x_wconf 83' lang='lat' dir='ltr'><strong><em>curn</em></strong></span> <span class='ocrx_word' id='word_1_33' title='bbox 680 891 782 951; x_wconf 91' lang='lat' dir='ltr'><strong><em>eodem</em></strong></span> <span class='ocrx_word' id='word_1_34' title='bbox 793 889 918 970; x_wconf 79' lang='lat' dir='ltr'><strong><em>Prorepe</em></strong></span> <span class='ocrx_word' id='word_1_35' title='bbox 928 895 1095 968; x_wconf 84' lang='lat' dir='ltr'><strong><em>composuit,</em></strong></span> <span class='ocrx_word' id='word_1_36' title='bbox 1110 893 1455 970; x_wconf 76' lang='lat' dir='ltr'><strong><em>dissimulatameqisest,</em></strong></span> <span class='ocrx_word' id='word_1_37' title='bbox 1466 913 1554 972; x_wconf 73' lang='lat' dir='ltr'><strong><em>queam</em></strong></span> <span class='ocrx_word' id='word_1_38' title='bbox 1568 902 1631 957; x_wconf 89' lang='lat' dir='ltr'><strong><em>oni·</em></strong></span> 
     </span>
     <span class='ocr_line' id='line_1_5' title="bbox 408 977 1627 1063; baseline 0.008 -25"><span class='ocrx_word' id='word_1_39' title='bbox 408 996 457 1038; x_wconf 86' lang='lat' dir='ltr'><strong><em>rna</em></strong></span> <span class='ocrx_word' id='word_1_40' title='bbox 469 981 593 1041; x_wconf 67' lang='lat' dir='ltr'><strong><em>audi.</em></strong></span> <span class='ocrx_word' id='word_1_41' title='bbox 609 981 660 1040; x_wconf 74' lang='lat' dir='ltr'><strong><em>Aa</em></strong></span> <span class='ocrx_word' id='word_1_42' title='bbox 678 977 750 1040; x_wconf 77' lang='lat' dir='ltr'><strong><em>leaeo</em></strong></span> <span class='ocrx_word' id='word_1_43' title='bbox 767 979 925 1060; x_wconf 74' lang='lat' dir='ltr'><strong><em>cajetanus</em></strong></span> <span class='ocrx_word' id='word_1_44' title='bbox 938 983 1000 1038; x_wconf 91' lang='lat' dir='ltr'><strong><em>erat</em></strong></span> <span class='ocrx_word' id='word_1_45' title='bbox 1011 979 1145 1040; x_wconf 86' lang='lat' dir='ltr'><strong><em>Austriae</em></strong></span> <span class='ocrx_word' id='word_1_46' title='bbox 1165 984 1265 1043; x_wconf 83' lang='lat' dir='ltr'><strong><em>dmnui</em></strong></span> <span class='ocrx_word' id='word_1_47' title='bbox 1281 982 1467 1044; x_wconf 84' lang='lat' dir='ltr'><strong><em>Gemmnicee</em></strong></span> <span class='ocrx_word' id='word_1_48' title='bbox 1481 983 1627 1063; x_wconf 89' lang='lat' dir='ltr'><strong><em>addictus,</em></strong></span> 
     </span>
     <span class='ocr_line' id='line_1_6' title="bbox 408 1069 1629 1154; baseline 0.007 -24"><span class='ocrx_word' id='word_1_49' title='bbox 408 1069 480 1130; x_wconf 66' lang='lat' dir='ltr'><strong><em>dun</em></strong></span> <span class='ocrx_word' id='word_1_50' title='bbox 493 1071 582 1131; x_wconf 79' lang='lat' dir='ltr'><strong><em>lasteli</em></strong></span> <span class='ocrx_word' id='word_1_51' title='bbox 592 1070 757 1132; x_wconf 71' lang='lat' dir='ltr'><em>vertebatur</em></span> <span class='ocrx_word' id='word_1_52' title='bbox 767 1070 940 1146; x_wconf 75' lang='lat' dir='ltr'><strong><em>obsequium,</em></strong></span> <span class='ocrx_word' id='word_1_53' title='bbox 948 1073 976 1129; x_wconf 89' lang='lat' dir='ltr'><strong><em>et</em></strong></span> <span class='ocrx_word' id='word_1_54' title='bbox 990 1075 1021 1130; x_wconf 85' lang='lat' dir='ltr'><strong><em>iu</em></strong></span> <span class='ocrx_word' id='word_1_55' title='bbox 1034 1070 1133 1130; x_wconf 77' lang='lat' dir='ltr'><strong><em>urbem</em></strong></span> <span class='ocrx_word' id='word_1_56' title='bbox 1152 1071 1278 1151; x_wconf 86' lang='lat' dir='ltr'><strong><em>Fundos,</em></strong></span> <span class='ocrx_word' id='word_1_57' title='bbox 1288 1075 1366 1134; x_wconf 86' lang='lat' dir='ltr'><strong><em>unde</em></strong></span> <span class='ocrx_word' id='word_1_58' title='bbox 1375 1073 1501 1154; x_wconf 87' lang='lat' dir='ltr'><strong><em>majores</em></strong></span> <span class='ocrx_word' id='word_1_59' title='bbox 1511 1078 1629 1138; x_wconf 75' lang='lat' dir='ltr'><strong><em>excide·</em></strong></span> 
     </span>
    </p>
   </div>
   <div class='ocr_carea' id='block_1_2' title="bbox 402 1165 1629 1534">
    <p class='ocr_par' dir='ltr' id='par_1_2' title="bbox 402 1165 1629 1534">
     <span class='ocr_line' id='line_1_7' title="bbox 408 1165 1627 1247; baseline 0.007 -21"><span class='ocrx_word' id='word_1_60' title='bbox 408 1171 489 1232; x_wconf 82' lang='lat' dir='ltr'><strong><em>rant,</em></strong></span> <span class='ocrx_word' id='word_1_61' title='bbox 505 1165 661 1246; x_wconf 74' lang='lat' dir='ltr'><strong><em>affectabat</em></strong></span> <span class='ocrx_word' id='word_1_62' title='bbox 671 1170 833 1245; x_wconf 89' lang='lat' dir='ltr'><strong><em>producere</em></strong></span> <span class='ocrx_word' id='word_1_63' title='bbox 854 1168 1003 1226; x_wconf 78' lang='lat' dir='ltr'><strong><em>ditionem.</em></strong></span> <span class='ocrx_word' id='word_1_64' title='bbox 1019 1165 1099 1225; x_wconf 83' lang='lat' dir='ltr'><strong><em>Haec</em></strong></span> <span class='ocrx_word' id='word_1_65' title='bbox 1112 1172 1266 1246; x_wconf 82' lang='lat' dir='ltr'><strong><em>inquietus,</em></strong></span> <span class='ocrx_word' id='word_1_66' title='bbox 1280 1173 1308 1230; x_wconf 90' lang='lat' dir='ltr'><strong><em>et</em></strong></span> <span class='ocrx_word' id='word_1_67' title='bbox 1321 1174 1495 1247; x_wconf 83' lang='lat' dir='ltr'><strong><em>inquietator</em></strong></span> <span class='ocrx_word' id='word_1_68' title='bbox 1513 1177 1627 1234; x_wconf 76' lang='lat' dir='ltr'><strong><em>amenus</em></strong></span> 
     </span>
     <span class='ocr_line' id='line_1_8' title="bbox 406 1257 1627 1344; baseline 0.004 -23"><span class='ocrx_word' id='word_1_69' title='bbox 406 1263 527 1335; x_wconf 70' lang='lat' dir='ltr'><strong><em>uolam</em></strong></span> <span class='ocrx_word' id='word_1_70' title='bbox 535 1263 605 1336; x_wconf 83' lang='lat' dir='ltr'><strong><em>post</em></strong></span> <span class='ocrx_word' id='word_1_71' title='bbox 622 1259 722 1320; x_wconf 86' lang='lat' dir='ltr'><strong><em>Caroli</em></strong></span> <span class='ocrx_word' id='word_1_72' title='bbox 733 1260 844 1337; x_wconf 79' lang='lat' dir='ltr'><strong><em>(unere</em></strong></span> <span class='ocrx_word' id='word_1_73' title='bbox 851 1263 984 1336; x_wconf 75' lang='lat' dir='ltr'><strong><em>principi</em></strong></span> <span class='ocrx_word' id='word_1_74' title='bbox 994 1257 1199 1337; x_wconf 80' lang='lat' dir='ltr'><strong><em>oiroPtsilsppo</em></strong></span> <span class='ocrx_word' id='word_1_75' title='bbox 1210 1258 1414 1341; x_wconf 77' lang='lat' dir='ltr'><strong><em>lieletestayno</em></strong></span> <span class='ocrx_word' id='word_1_76' title='bbox 1420 1262 1560 1344; x_wconf 81' lang='lat' dir='ltr'><strong><em>juventae</em></strong></span> <span class='ocrx_word' id='word_1_77' title='bbox 1571 1267 1627 1326; x_wconf 84' lang='lat' dir='ltr'><strong><em>Ar·</em></strong></span> 
     </span>
     <span class='ocr_line' id='line_1_9' title="bbox 406 1347 1628 1446; baseline 0.005 -33"><span class='ocrx_word' id='word_1_78' title='bbox 406 1352 543 1417; x_wconf 67' lang='lat' dir='ltr'><strong><em>etiams</em></strong></span> <span class='ocrx_word' id='word_1_79' title='bbox 556 1359 663 1414; x_wconf 87' lang='lat' dir='ltr'><strong><em>sectori</em></strong></span> <span class='ocrx_word' id='word_1_80' title='bbox 673 1359 816 1415; x_wconf 73' lang='lat' dir='ltr'><strong><em>uocantem</em></strong></span> <span class='ocrx_word' id='word_1_81' title='bbox 830 1370 936 1414; x_wconf 89' lang='lat' dir='ltr'><strong><em>annum</em></strong></span> <span class='ocrx_word' id='word_1_82' title='bbox 950 1347 1002 1433; x_wconf 92' lang='lat' dir='ltr'><strong><em>(ut</em></strong></span> <span class='ocrx_word' id='word_1_83' title='bbox 1015 1354 1102 1415; x_wconf 83' lang='lat' dir='ltr'><strong><em>lodie</em></strong></span> <span class='ocrx_word' id='word_1_84' title='bbox 1116 1362 1148 1416; x_wconf 86' lang='lat' dir='ltr'><strong><em>in</em></strong></span> <span class='ocrx_word' id='word_1_85' title='bbox 1161 1357 1347 1434; x_wconf 88' lang='lat' dir='ltr'><strong><em>epistolarum</em></strong></span> <span class='ocrx_word' id='word_1_86' title='bbox 1370 1355 1468 1435; x_wconf 77' lang='lat' dir='ltr'><strong><em>officiis</em></strong></span> <span class='ocrx_word' id='word_1_87' title='bbox 1476 1355 1628 1446; x_wconf 85' lang='lat' dir='ltr'><strong><em>positum)¹</em></strong></span> 
     </span>
     <span class='ocr_line' id='line_1_10' title="bbox 402 1447 1629 1534; baseline 0.007 -24"><span class='ocrx_word' id='word_1_88' title='bbox 402 1468 462 1528; x_wconf 85' lang='lat' dir='ltr'><strong><em>per</em></strong></span> <span class='ocrx_word' id='word_1_89' title='bbox 484 1448 680 1512; x_wconf 75' lang='lat' dir='ltr'><strong><em>recensione</em></strong></span> <span class='ocrx_word' id='word_1_90' title='bbox 699 1447 881 1526; x_wconf 71' lang='lat' dir='ltr'><strong><em>feliciterque</em></strong></span> <span class='ocrx_word' id='word_1_91' title='bbox 909 1453 1080 1526; x_wconf 73' lang='lat' dir='ltr'><strong><em>auspicatus</em></strong></span> <span class='ocrx_word' id='word_1_92' title='bbox 1100 1468 1152 1514; x_wconf 80' lang='lat' dir='ltr'><strong><em>mro</em></strong></span> <span class='ocrx_word' id='word_1_93' title='bbox 1173 1451 1353 1531; x_wconf 71' lang='lat' dir='ltr'><strong><em>adapraplro</em></strong></span> <span class='ocrx_word' id='word_1_94' title='bbox 1374 1454 1511 1534; x_wconf 73' lang='lat' dir='ltr'><strong><em>addidit,</em></strong></span> <span class='ocrx_word' id='word_1_95' title='bbox 1530 1458 1562 1513; x_wconf 92' lang='lat' dir='ltr'><strong><em>ut</em></strong></span> <span class='ocrx_word' id='word_1_96' title='bbox 1582 1454 1629 1518; x_wconf 79' lang='lat' dir='ltr'><strong><em>iis</em></strong></span> 
     </span>
    </p>
   </div>
   <div class='ocr_carea' id='block_1_3' title="bbox 374 1543 1646 4806">
    <p class='ocr_par' dir='ltr' id='par_1_3' title="bbox 374 1543 1646 4806">
     <span class='ocr_line' id='line_1_11' title="bbox 405 1543 1623 1629; baseline 0.006 -22"><span class='ocrx_word' id='word_1_97' title='bbox 405 1563 491 1610; x_wconf 74' lang='lat' dir='ltr'><strong><em>marn</em></strong></span> <span class='ocrx_word' id='word_1_98' title='bbox 503 1563 575 1626; x_wconf 77' lang='lat' dir='ltr'><strong><em>erpa</em></strong></span> <span class='ocrx_word' id='word_1_99' title='bbox 589 1543 769 1623; x_wconf 75' lang='lat' dir='ltr'><strong><em>leopoldum</em></strong></span> <span class='ocrx_word' id='word_1_100' title='bbox 778 1545 868 1620; x_wconf 78' lang='lat' dir='ltr'><strong><em>paen</em></strong></span> <span class='ocrx_word' id='word_1_101' title='bbox 880 1550 1024 1623; x_wconf 63' lang='lat' dir='ltr'><strong><em>recinat:</em></strong></span> <span class='ocrx_word' id='word_1_102' title='bbox 1037 1565 1068 1609; x_wconf 92' lang='lat' dir='ltr'><strong><em>se</em></strong></span> <span class='ocrx_word' id='word_1_103' title='bbox 1080 1565 1189 1625; x_wconf 77' lang='lat' dir='ltr'><strong><em>nmque</em></strong></span> <span class='ocrx_word' id='word_1_104' title='bbox 1201 1550 1293 1609; x_wconf 87' lang='lat' dir='ltr'><strong><em>eidem</em></strong></span> <span class='ocrx_word' id='word_1_105' title='bbox 1303 1552 1414 1626; x_wconf 90' lang='lat' dir='ltr'><strong><em>parata</em></strong></span> <span class='ocrx_word' id='word_1_106' title='bbox 1427 1551 1517 1629; x_wconf 90' lang='lat' dir='ltr'><strong><em>dicat,</em></strong></span> <span class='ocrx_word' id='word_1_107' title='bbox 1532 1568 1623 1629; x_wconf 81' lang='lat' dir='ltr'><strong><em>eaque</em></strong></span> 
     </span>
     <span class='ocr_line' id='line_1_12' title="bbox 401 1639 1623 1723; baseline 0.003 -20"><span class='ocrx_word' id='word_1_108' title='bbox 401 1660 462 1721; x_wconf 78' lang='lat' dir='ltr'><strong><em>pro</em></strong></span> <span class='ocrx_word' id='word_1_109' title='bbox 475 1639 651 1719; x_wconf 74' lang='lat' dir='ltr'><strong><em>tenporitm</em></strong></span> <span class='ocrx_word' id='word_1_110' title='bbox 667 1643 774 1704; x_wconf 89' lang='lat' dir='ltr'><strong><em>Caesar</em></strong></span> <span class='ocrx_word' id='word_1_111' title='bbox 785 1642 961 1717; x_wconf 86' lang='lat' dir='ltr'><strong><em>moderetur,</em></strong></span> <span class='ocrx_word' id='word_1_112' title='bbox 975 1647 1069 1721; x_wconf 77' lang='lat' dir='ltr'><strong><em>roqat.</em></strong></span> <span class='ocrx_word' id='word_1_113' title='bbox 1082 1642 1135 1705; x_wconf 87' lang='lat' dir='ltr'><strong><em>His</em></strong></span> <span class='ocrx_word' id='word_1_114' title='bbox 1149 1642 1382 1722; x_wconf 71' lang='lat' dir='ltr'><strong><em>aLiclstestapno</em></strong></span> <span class='ocrx_word' id='word_1_115' title='bbox 1396 1651 1576 1723; x_wconf 77' lang='lat' dir='ltr'><strong><em>rescriptum,</em></strong></span> <span class='ocrx_word' id='word_1_116' title='bbox 1591 1651 1623 1706; x_wconf 87' lang='lat' dir='ltr'><strong><em>ut</em></strong></span> 
     </span>
     <span class='ocr_line' id='line_1_13' title="bbox 408 1735 1623 1819; baseline 0.005 -20"><span class='ocrx_word' id='word_1_117' title='bbox 408 1738 572 1819; x_wconf 80' lang='lat' dir='ltr'><strong><em>Cojctanus</em></strong></span> <span class='ocrx_word' id='word_1_118' title='bbox 584 1743 616 1797; x_wconf 88' lang='lat' dir='ltr'><strong><em>in</em></strong></span> <span class='ocrx_word' id='word_1_119' title='bbox 629 1735 720 1814; x_wconf 73' lang='lat' dir='ltr'><strong><em>officio</em></strong></span> <span class='ocrx_word' id='word_1_120' title='bbox 733 1737 909 1815; x_wconf 85' lang='lat' dir='ltr'><strong><em>Imperatori</em></strong></span> <span class='ocrx_word' id='word_1_121' title='bbox 914 1741 1000 1816; x_wconf 76' lang='lat' dir='ltr'><strong><em>arato</em></strong></span> <span class='ocrx_word' id='word_1_122' title='bbox 1013 1743 1150 1817; x_wconf 85' lang='lat' dir='ltr'><strong><em>maneret,</em></strong></span> <span class='ocrx_word' id='word_1_123' title='bbox 1160 1743 1188 1798; x_wconf 92' lang='lat' dir='ltr'><strong><em>et</em></strong></span> <span class='ocrx_word' id='word_1_124' title='bbox 1200 1756 1259 1815; x_wconf 81' lang='lat' dir='ltr'><strong><em>qua</em></strong></span> <span class='ocrx_word' id='word_1_125' title='bbox 1270 1756 1300 1800; x_wconf 91' lang='lat' dir='ltr'><strong><em>se</em></strong></span> <span class='ocrx_word' id='word_1_126' title='bbox 1314 1756 1399 1800; x_wconf 87' lang='lat' dir='ltr'><strong><em>cesus</em></strong></span> <span class='ocrx_word' id='word_1_127' title='bbox 1420 1736 1541 1818; x_wconf 83' lang='lat' dir='ltr'><strong><em>dederet,</em></strong></span> <span class='ocrx_word' id='word_1_128' title='bbox 1555 1759 1623 1805; x_wconf 82' lang='lat' dir='ltr'><strong><em>usu·</em></strong></span> 
     </span>
     <span class='ocr_line' id='line_1_14' title="bbox 403 1828 1624 1906; baseline 0.003 -15"><span class='ocrx_word' id='word_1_129' title='bbox 403 1848 471 1890; x_wconf 78' lang='lat' dir='ltr'><strong><em>nun</em></strong></span> <span class='ocrx_word' id='word_1_130' title='bbox 484 1831 639 1891; x_wconf 89' lang='lat' dir='ltr'><strong><em>Caesarem</em></strong></span> <span class='ocrx_word' id='word_1_131' title='bbox 652 1832 832 1906; x_wconf 77' lang='lat' dir='ltr'><strong><em>repromittit.</em></strong></span> <span class='ocrx_word' id='word_1_132' title='bbox 845 1829 921 1888; x_wconf 81' lang='lat' dir='ltr'><strong><em>Him</em></strong></span> <span class='ocrx_word' id='word_1_133' title='bbox 934 1845 953 1886; x_wconf 93' lang='lat' dir='ltr'><strong><em>a</em></strong></span> <span class='ocrx_word' id='word_1_134' title='bbox 966 1829 1099 1891; x_wconf 86' lang='lat' dir='ltr'><strong><em>Caesaris</em></strong></span> <span class='ocrx_word' id='word_1_135' title='bbox 1107 1828 1285 1891; x_wconf 77' lang='lat' dir='ltr'><strong><em>odasimstres</em></strong></span> <span class='ocrx_word' id='word_1_136' title='bbox 1295 1829 1402 1889; x_wconf 83' lang='lat' dir='ltr'><strong><em>Rousoe</em></strong></span> <span class='ocrx_word' id='word_1_137' title='bbox 1412 1831 1572 1906; x_wconf 78' lang='lat' dir='ltr'><strong><em>operitilrus,</em></strong></span> <span class='ocrx_word' id='word_1_138' title='bbox 1582 1837 1624 1894; x_wconf 78' lang='lat' dir='ltr'><strong><em>oi</em></strong></span> 
     </span>
     <span class='ocr_line' id='line_1_15' title="bbox 403 1921 1623 2001; baseline 0.001 -17"><span class='ocrx_word' id='word_1_139' title='bbox 403 1925 634 2001; x_wconf 80' lang='lat' dir='ltr'><strong><em>conspirandum</em></strong></span> <span class='ocrx_word' id='word_1_140' title='bbox 648 1928 748 1984; x_wconf 79' lang='lat' dir='ltr'><strong><em>cosdro</em></strong></span> <span class='ocrx_word' id='word_1_141' title='bbox 763 1922 908 2001; x_wconf 87' lang='lat' dir='ltr'><strong><em>Hispanas</em></strong></span> <span class='ocrx_word' id='word_1_142' title='bbox 920 1923 1046 1997; x_wconf 88' lang='lat' dir='ltr'><strong><em>ducitur,</em></strong></span> <span class='ocrx_word' id='word_1_143' title='bbox 1067 1941 1187 2001; x_wconf 70' lang='lat' dir='ltr'><strong><em>sepiens</em></strong></span> <span class='ocrx_word' id='word_1_144' title='bbox 1199 1928 1227 1985; x_wconf 91' lang='lat' dir='ltr'><strong><em>et</em></strong></span> <span class='ocrx_word' id='word_1_145' title='bbox 1240 1921 1407 1985; x_wconf 77' lang='lat' dir='ltr'><strong><em>Sermorreta</em></strong></span> <span class='ocrx_word' id='word_1_146' title='bbox 1419 1931 1623 1985; x_wconf 77' lang='lat' dir='ltr'><strong><em>munimentum</em></strong></span> 
     </span>
     <span class='ocr_line' id='line_1_16' title="bbox 402 2002 1621 2092; baseline 0.002 -22"><span class='ocrx_word' id='word_1_147' title='bbox 402 2017 437 2074; x_wconf 74' lang='lat' dir='ltr'><strong><em>in</em></strong></span> <span class='ocrx_word' id='word_1_148' title='bbox 445 2011 555 2091; x_wconf 74' lang='lat' dir='ltr'><strong><em>finibus</em></strong></span> <span class='ocrx_word' id='word_1_149' title='bbox 573 2019 658 2090; x_wconf 80' lang='lat' dir='ltr'><strong><em>reperi</em></strong></span> <span class='ocrx_word' id='word_1_150' title='bbox 669 2018 766 2088; x_wconf 77' lang='lat' dir='ltr'><strong><em>situm,</em></strong></span> <span class='ocrx_word' id='word_1_151' title='bbox 781 2002 931 2074; x_wconf 82' lang='lat' dir='ltr'><strong><em>Germanis</em></strong></span> <span class='ocrx_word' id='word_1_152' title='bbox 951 2010 1045 2092; x_wconf 79' lang='lat' dir='ltr'><strong><em>offert,</em></strong></span> <span class='ocrx_word' id='word_1_153' title='bbox 1059 2015 1086 2071; x_wconf 92' lang='lat' dir='ltr'><strong><em>ct</em></strong></span> <span class='ocrx_word' id='word_1_154' title='bbox 1103 2015 1234 2076; x_wconf 88' lang='lat' dir='ltr'><strong><em>Cisterna</em></strong></span> <span class='ocrx_word' id='word_1_155' title='bbox 1247 2012 1369 2073; x_wconf 70' lang='lat' dir='ltr'><strong><em>emulum</em></strong></span> <span class='ocrx_word' id='word_1_156' title='bbox 1382 2018 1410 2073; x_wconf 90' lang='lat' dir='ltr'><strong><em>et</em></strong></span> <span class='ocrx_word' id='word_1_157' title='bbox 1422 2017 1621 2090; x_wconf 79' lang='lat' dir='ltr'><strong><em>prassatorum</em></strong></span> 
     </span>
     <span class='ocr_line' id='line_1_17' title="bbox 401 2102 1619 2185; baseline -0.003 -19"><span class='ocrx_word' id='word_1_158' title='bbox 401 2111 530 2185; x_wconf 64' lang='lat' dir='ltr'><strong><em>mina,</em></strong></span> <span class='ocrx_word' id='word_1_159' title='bbox 544 2103 674 2167; x_wconf 75' lang='lat' dir='ltr'><strong><em>homiues</em></strong></span> <span class='ocrx_word' id='word_1_160' title='bbox 687 2107 826 2181; x_wconf 86' lang='lat' dir='ltr'><strong><em>arrnatas,</em></strong></span> <span class='ocrx_word' id='word_1_161' title='bbox 841 2109 892 2180; x_wconf 82' lang='lat' dir='ltr'><strong><em>qui</em></strong></span> <span class='ocrx_word' id='word_1_162' title='bbox 903 2108 934 2162; x_wconf 87' lang='lat' dir='ltr'><strong><em>in</em></strong></span> <span class='ocrx_word' id='word_1_163' title='bbox 947 2120 1069 2179; x_wconf 71' lang='lat' dir='ltr'><strong><em>rounam</em></strong></span> <span class='ocrx_word' id='word_1_164' title='bbox 1080 2107 1253 2181; x_wconf 83' lang='lat' dir='ltr'><strong><em>irrumpant,</em></strong></span> <span class='ocrx_word' id='word_1_165' title='bbox 1266 2102 1429 2181; x_wconf 87' lang='lat' dir='ltr'><strong><em>pollicetur.</em></strong></span> <span class='ocrx_word' id='word_1_166' title='bbox 1447 2102 1541 2162; x_wconf 81' lang='lat' dir='ltr'><strong><em>Aoalo</em></strong></span> <span class='ocrx_word' id='word_1_167' title='bbox 1566 2121 1619 2163; x_wconf 85' lang='lat' dir='ltr'><strong><em>eu-</em></strong></span> 
     </span>
     <span class='ocr_line' id='line_1_18' title="bbox 400 2197 1621 2282; baseline -0.001 -20"><span class='ocrx_word' id='word_1_168' title='bbox 400 2209 471 2282; x_wconf 81' lang='lat' dir='ltr'><strong><em>tcnn,</em></strong></span> <span class='ocrx_word' id='word_1_169' title='bbox 484 2221 560 2280; x_wconf 76' lang='lat' dir='ltr'><strong><em>assas</em></strong></span> <span class='ocrx_word' id='word_1_170' title='bbox 568 2208 601 2262; x_wconf 88' lang='lat' dir='ltr'><strong><em>in</em></strong></span> <span class='ocrx_word' id='word_1_171' title='bbox 613 2217 702 2277; x_wconf 77' lang='lat' dir='ltr'><strong><em>roano</em></strong></span> <span class='ocrx_word' id='word_1_172' title='bbox 714 2217 792 2276; x_wconf 87' lang='lat' dir='ltr'><strong><em>opes,</em></strong></span> <span class='ocrx_word' id='word_1_173' title='bbox 805 2205 983 2278; x_wconf 84' lang='lat' dir='ltr'><strong><em>nominisque</em></strong></span> <span class='ocrx_word' id='word_1_174' title='bbox 996 2199 1226 2277; x_wconf 83' lang='lat' dir='ltr'><strong><em>amplitudinem,</em></strong></span> <span class='ocrx_word' id='word_1_175' title='bbox 1240 2203 1334 2261; x_wconf 86' lang='lat' dir='ltr'><strong><em>uirtus</em></strong></span> <span class='ocrx_word' id='word_1_176' title='bbox 1343 2198 1497 2280; x_wconf 85' lang='lat' dir='ltr'><strong><em>majorum,</em></strong></span> <span class='ocrx_word' id='word_1_177' title='bbox 1508 2197 1621 2274; x_wconf 74' lang='lat' dir='ltr'><strong><em>etfides</em></strong></span> 
     </span>
     <span class='ocr_line' id='line_1_19' title="bbox 401 2288 1616 2369; baseline -0.002 -14"><span class='ocrx_word' id='word_1_178' title='bbox 401 2301 435 2355; x_wconf 85' lang='lat' dir='ltr'><strong><em>iss</em></strong></span> <span class='ocrx_word' id='word_1_179' title='bbox 448 2295 583 2356; x_wconf 76' lang='lat' dir='ltr'><strong><em>Austrios</em></strong></span> <span class='ocrx_word' id='word_1_180' title='bbox 596 2291 665 2352; x_wconf 92' lang='lat' dir='ltr'><strong><em>olim</em></strong></span> <span class='ocrx_word' id='word_1_181' title='bbox 674 2295 851 2367; x_wconf 85' lang='lat' dir='ltr'><strong><em>parauerat,</em></strong></span> <span class='ocrx_word' id='word_1_182' title='bbox 867 2296 958 2368; x_wconf 87' lang='lat' dir='ltr'><strong><em>ipsius</em></strong></span> <span class='ocrx_word' id='word_1_183' title='bbox 970 2298 1002 2352; x_wconf 84' lang='lat' dir='ltr'><strong><em>in</em></strong></span> <span class='ocrx_word' id='word_1_184' title='bbox 1015 2294 1147 2354; x_wconf 86' lang='lat' dir='ltr'><strong><em>Austrios</em></strong></span> <span class='ocrx_word' id='word_1_185' title='bbox 1160 2288 1284 2367; x_wconf 75' lang='lat' dir='ltr'><strong><em>adfectio</em></strong></span> <span class='ocrx_word' id='word_1_186' title='bbox 1297 2295 1452 2352; x_wconf 75' lang='lat' dir='ltr'><strong><em>traxerant</em></strong></span> <span class='ocrx_word' id='word_1_187' title='bbox 1464 2296 1495 2351; x_wconf 89' lang='lat' dir='ltr'><strong><em>in</em></strong></span> <span class='ocrx_word' id='word_1_188' title='bbox 1505 2291 1616 2369; x_wconf 72' lang='lat' dir='ltr'><strong><em>almip-</em></strong></span> 
     </span>
     <span class='ocr_line' id='line_1_20' title="bbox 400 2384 1618 2469; baseline 0.001 -20"><span class='ocrx_word' id='word_1_189' title='bbox 400 2395 472 2449; x_wconf 66' lang='grc' dir='ltr'><em>(νην.</em></span> <span class='ocrx_word' id='word_1_190' title='bbox 492 2389 603 2448; x_wconf 79' lang='lat' dir='ltr'><strong><em>Vanam</em></strong></span> <span class='ocrx_word' id='word_1_191' title='bbox 617 2387 738 2449; x_wconf 79' lang='lat' dir='ltr'><strong><em>lsormnis</em></strong></span> <span class='ocrx_word' id='word_1_192' title='bbox 751 2393 906 2465; x_wconf 82' lang='lat' dir='ltr'><strong><em>inpemum,</em></strong></span> <span class='ocrx_word' id='word_1_193' title='bbox 921 2392 969 2448; x_wconf 92' lang='lat' dir='ltr'><strong><em>cui</em></strong></span> <span class='ocrx_word' id='word_1_194' title='bbox 980 2394 1097 2467; x_wconf 75' lang='lat' dir='ltr'><strong><em>eprepia</em></strong></span> <span class='ocrx_word' id='word_1_195' title='bbox 1106 2384 1238 2463; x_wconf 69' lang='lat' dir='ltr'><strong><em>[mulsae</em></strong></span> <span class='ocrx_word' id='word_1_196' title='bbox 1247 2391 1361 2462; x_wconf 71' lang='lat' dir='ltr'><strong><em>mola,</em></strong></span> <span class='ocrx_word' id='word_1_197' title='bbox 1374 2387 1486 2450; x_wconf 89' lang='lat' dir='ltr'><strong><em>seclusa</em></strong></span> <span class='ocrx_word' id='word_1_198' title='bbox 1501 2393 1618 2469; x_wconf 84' lang='lat' dir='ltr'><strong><em>uirtute,</em></strong></span> 
     </span>
     <span class='ocr_line' id='line_1_21' title="bbox 401 2479 1619 2560; baseline 0.002 -16"><span class='ocrx_word' id='word_1_199' title='bbox 401 2489 435 2544; x_wconf 81' lang='lat' dir='ltr'><strong><em>iu</em></strong></span> <span class='ocrx_word' id='word_1_200' title='bbox 455 2480 619 2558; x_wconf 59' lang='lat' dir='ltr'><strong><em>factumst</em></strong></span> <span class='ocrx_word' id='word_1_201' title='bbox 639 2480 822 2544; x_wconf 82' lang='lat' dir='ltr'><strong><em>insolentiam</em></strong></span> <span class='ocrx_word' id='word_1_202' title='bbox 836 2481 950 2554; x_wconf 84' lang='lat' dir='ltr'><strong><em>otiere;</em></strong></span> <span class='ocrx_word' id='word_1_203' title='bbox 961 2482 1035 2543; x_wconf 84' lang='lat' dir='ltr'><strong><em>loeo</em></strong></span> <span class='ocrx_word' id='word_1_204' title='bbox 1057 2489 1088 2542; x_wconf 90' lang='lat' dir='ltr'><strong><em>in</em></strong></span> <span class='ocrx_word' id='word_1_205' title='bbox 1096 2482 1265 2560; x_wconf 71' lang='lat' dir='ltr'><strong><em>perfidiam.</em></strong></span> <span class='ocrx_word' id='word_1_206' title='bbox 1281 2479 1312 2545; x_wconf 92' lang='lat' dir='ltr'><strong><em>Is</em></strong></span> <span class='ocrx_word' id='word_1_207' title='bbox 1325 2487 1400 2542; x_wconf 81' lang='lat' dir='ltr'><strong><em>eroim</em></strong></span> <span class='ocrx_word' id='word_1_208' title='bbox 1413 2483 1465 2546; x_wconf 86' lang='lat' dir='ltr'><strong><em>sulr</em></strong></span> <span class='ocrx_word' id='word_1_209' title='bbox 1484 2483 1619 2546; x_wconf 84' lang='lat' dir='ltr'><strong><em>Loeerda</em></strong></span> 
     </span>
     <span class='ocr_line' id='line_1_22' title="bbox 401 2573 1614 2660; baseline 0.003 -23"><span class='ocrx_word' id='word_1_210' title='bbox 401 2573 722 2654; x_wconf 74' lang='lat' dir='ltr'><strong><em>Neapolrmprotectus,</em></strong></span> <span class='ocrx_word' id='word_1_211' title='bbox 734 2575 863 2655; x_wconf 86' lang='lat' dir='ltr'><strong><em>aliquam</em></strong></span> <span class='ocrx_word' id='word_1_212' title='bbox 872 2581 986 2653; x_wconf 78' lang='lat' dir='ltr'><strong><em>oratioe</em></strong></span> <span class='ocrx_word' id='word_1_213' title='bbox 993 2582 1109 2655; x_wconf 90' lang='lat' dir='ltr'><strong><em>partem</em></strong></span> <span class='ocrx_word' id='word_1_214' title='bbox 1118 2579 1199 2655; x_wconf 89' lang='lat' dir='ltr'><strong><em>apud</em></strong></span> <span class='ocrx_word' id='word_1_215' title='bbox 1208 2576 1362 2655; x_wconf 78' lang='lat' dir='ltr'><strong><em>Prorsaem</em></strong></span> <span class='ocrx_word' id='word_1_216' title='bbox 1371 2582 1470 2639; x_wconf 88' lang='lat' dir='ltr'><strong><em>tenuit.</em></strong></span> <span class='ocrx_word' id='word_1_217' title='bbox 1481 2580 1538 2641; x_wconf 84' lang='lat' dir='ltr'><strong><em>sce</em></strong></span> <span class='ocrx_word' id='word_1_218' title='bbox 1549 2578 1614 2660; x_wconf 88' lang='lat' dir='ltr'><strong><em>ejus</em></strong></span> 
     </span>
     <span class='ocr_line' id='line_1_23' title="bbox 399 2669 1618 2754; baseline 0.002 -20"><span class='ocrx_word' id='word_1_219' title='bbox 399 2689 460 2734; x_wconf 88' lang='lat' dir='ltr'><strong><em>non</em></strong></span> <span class='ocrx_word' id='word_1_220' title='bbox 472 2669 576 2735; x_wconf 78' lang='lat' dir='ltr'><strong><em>tamir</em></strong></span> <span class='ocrx_word' id='word_1_221' title='bbox 588 2675 716 2750; x_wconf 89' lang='lat' dir='ltr'><strong><em>modum,</em></strong></span> <span class='ocrx_word' id='word_1_222' title='bbox 726 2680 782 2750; x_wconf 50' lang='lat' dir='ltr'><strong><em>‘put</em></strong></span> <span class='ocrx_word' id='word_1_223' title='bbox 793 2671 972 2749; x_wconf 75' lang='lat' dir='ltr'><strong><em>familiarem</em></strong></span> <span class='ocrx_word' id='word_1_224' title='bbox 981 2674 1018 2733; x_wconf 79' lang='lat' dir='ltr'><strong><em>ab</em></strong></span> <span class='ocrx_word' id='word_1_225' title='bbox 1029 2673 1154 2752; x_wconf 76' lang='lat' dir='ltr'><strong><em>Proreqe</em></strong></span> <span class='ocrx_word' id='word_1_226' title='bbox 1166 2676 1208 2734; x_wconf 90' lang='lat' dir='ltr'><strong><em>ad</em></strong></span> <span class='ocrx_word' id='word_1_227' title='bbox 1220 2692 1251 2736; x_wconf 87' lang='lat' dir='ltr'><strong><em>se</em></strong></span> <span class='ocrx_word' id='word_1_228' title='bbox 1259 2681 1376 2737; x_wconf 81' lang='lat' dir='ltr'><strong><em>nn‘ssum</em></strong></span> <span class='ocrx_word' id='word_1_229' title='bbox 1384 2693 1442 2735; x_wconf 87' lang='lat' dir='ltr'><strong><em>non</em></strong></span> <span class='ocrx_word' id='word_1_230' title='bbox 1451 2693 1508 2753; x_wconf 90' lang='lat' dir='ltr'><strong><em>pro</em></strong></span> <span class='ocrx_word' id='word_1_231' title='bbox 1521 2678 1618 2754; x_wconf 75' lang='lat' dir='ltr'><strong><em>dioni-</em></strong></span> 
     </span>
     <span class='ocr_line' id='line_1_24' title="bbox 399 2760 1617 2844; baseline 0.005 -21"><span class='ocrx_word' id='word_1_232' title='bbox 399 2768 460 2823; x_wconf 88' lang='lat' dir='ltr'><strong><em>totc</em></strong></span> <span class='ocrx_word' id='word_1_233' title='bbox 479 2768 640 2842; x_wconf 70' lang='lat' dir='ltr'><strong><em>excepimus,</em></strong></span> <span class='ocrx_word' id='word_1_234' title='bbox 654 2764 691 2824; x_wconf 92' lang='lat' dir='ltr'><strong><em>de</em></strong></span> <span class='ocrx_word' id='word_1_235' title='bbox 710 2766 834 2840; x_wconf 69' lang='lat' dir='ltr'><strong><em>intenso,</em></strong></span> <span class='ocrx_word' id='word_1_236' title='bbox 847 2767 892 2822; x_wconf 86' lang='lat' dir='ltr'><strong><em>uti</em></strong></span> <span class='ocrx_word' id='word_1_237' title='bbox 907 2778 968 2840; x_wconf 89' lang='lat' dir='ltr'><strong><em>por</em></strong></span> <span class='ocrx_word' id='word_1_238' title='bbox 979 2760 1051 2841; x_wconf 74' lang='lat' dir='ltr'><strong><em>suit,</em></strong></span> <span class='ocrx_word' id='word_1_239' title='bbox 1065 2765 1216 2824; x_wconf 81' lang='lat' dir='ltr'><strong><em>admittere</em></strong></span> <span class='ocrx_word' id='word_1_240' title='bbox 1224 2762 1326 2844; x_wconf 75' lang='lat' dir='ltr'><strong><em>jessous</em></strong></span> <span class='ocrx_word' id='word_1_241' title='bbox 1338 2769 1391 2827; x_wconf 85' lang='lat' dir='ltr'><strong><em>est.</em></strong></span> <span class='ocrx_word' id='word_1_242' title='bbox 1408 2761 1482 2837; x_wconf 74' lang='lat' dir='ltr'><strong><em>Moe</em></strong></span> <span class='ocrx_word' id='word_1_243' title='bbox 1502 2770 1534 2824; x_wconf 87' lang='lat' dir='ltr'><strong><em>iu</em></strong></span> <span class='ocrx_word' id='word_1_244' title='bbox 1546 2784 1617 2829; x_wconf 86' lang='lat' dir='ltr'><strong><em>suae</em></strong></span> 
     </span>
     <span class='ocr_line' id='line_1_25' title="bbox 399 2851 1617 2933; baseline 0.001 -17"><span class='ocrx_word' id='word_1_245' title='bbox 399 2856 520 2918; x_wconf 67' lang='lat' dir='ltr'><strong><em>deiram</em></strong></span> <span class='ocrx_word' id='word_1_246' title='bbox 543 2852 656 2933; x_wconf 86' lang='lat' dir='ltr'><strong><em>oppida</em></strong></span> <span class='ocrx_word' id='word_1_247' title='bbox 669 2871 813 2931; x_wconf 84' lang='lat' dir='ltr'><strong><em>reuersus,</em></strong></span> <span class='ocrx_word' id='word_1_248' title='bbox 828 2870 892 2912; x_wconf 85' lang='lat' dir='ltr'><strong><em>mm</em></strong></span> <span class='ocrx_word' id='word_1_249' title='bbox 905 2851 1036 2913; x_wconf 89' lang='lat' dir='ltr'><strong><em>clientem</em></strong></span> <span class='ocrx_word' id='word_1_250' title='bbox 1057 2853 1234 2930; x_wconf 73' lang='lat' dir='ltr'><strong><em>hiporiensi</em></strong></span> <span class='ocrx_word' id='word_1_251' title='bbox 1245 2860 1357 2930; x_wconf 80' lang='lat' dir='ltr'><strong><em>oripine</em></strong></span> <span class='ocrx_word' id='word_1_252' title='bbox 1370 2860 1398 2918; x_wconf 90' lang='lat' dir='ltr'><strong><em>et</em></strong></span> <span class='ocrx_word' id='word_1_253' title='bbox 1411 2853 1532 2918; x_wconf 77' lang='lat' dir='ltr'><strong><em>landa</em></strong></span> <span class='ocrx_word' id='word_1_254' title='bbox 1541 2873 1617 2933; x_wconf 90' lang='lat' dir='ltr'><strong><em>pra·</em></strong></span> 
     </span>
     <span class='ocr_line' id='line_1_26' title="bbox 396 2943 1617 3024; baseline 0.002 -18"><span class='ocrx_word' id='word_1_255' title='bbox 396 2949 521 3024; x_wconf 63' lang='lat' dir='ltr'><strong><em>meatem</em></strong></span> <span class='ocrx_word' id='word_1_256' title='bbox 538 2945 740 3008; x_wconf 75' lang='lat' dir='ltr'><strong><em>contumeliose</em></strong></span> <span class='ocrx_word' id='word_1_257' title='bbox 752 2943 908 3022; x_wconf 74' lang='lat' dir='ltr'><strong><em>ecrousen,</em></strong></span> <span class='ocrx_word' id='word_1_258' title='bbox 922 2947 949 3002; x_wconf 91' lang='lat' dir='ltr'><strong><em>et</em></strong></span> <span class='ocrx_word' id='word_1_259' title='bbox 963 2962 1027 3004; x_wconf 88' lang='lat' dir='ltr'><strong><em>oum</em></strong></span> <span class='ocrx_word' id='word_1_260' title='bbox 1041 2943 1166 3019; x_wconf 81' lang='lat' dir='ltr'><strong><em>Prorcpe</em></strong></span> <span class='ocrx_word' id='word_1_261' title='bbox 1178 2943 1316 3023; x_wconf 88' lang='lat' dir='ltr'><strong><em>injuriam</em></strong></span> <span class='ocrx_word' id='word_1_262' title='bbox 1329 2946 1531 3023; x_wconf 72' lang='lat' dir='ltr'><strong><em>expostularet</em></strong></span> <span class='ocrx_word' id='word_1_263' title='bbox 1542 2950 1617 3009; x_wconf 88' lang='lat' dir='ltr'><strong><em>ada-</em></strong></span> 
     </span>
     <span class='ocr_line' id='line_1_27' title="bbox 396 3035 1616 3115; baseline 0.001 -18"><span class='ocrx_word' id='word_1_264' title='bbox 396 3042 462 3099; x_wconf 85' lang='lat' dir='ltr'><strong><em>ctus</em></strong></span> <span class='ocrx_word' id='word_1_265' title='bbox 474 3041 519 3100; x_wconf 84' lang='lat' dir='ltr'><strong><em>cst</em></strong></span> <span class='ocrx_word' id='word_1_266' title='bbox 526 3037 680 3111; x_wconf 85' lang='lat' dir='ltr'><strong><em>mandare,</em></strong></span> <span class='ocrx_word' id='word_1_267' title='bbox 695 3043 747 3113; x_wconf 85' lang='lat' dir='ltr'><strong><em>qui</em></strong></span> <span class='ocrx_word' id='word_1_268' title='bbox 758 3035 902 3109; x_wconf 83' lang='lat' dir='ltr'><strong><em>simpulori</em></strong></span> <span class='ocrx_word' id='word_1_269' title='bbox 914 3039 1070 3097; x_wconf 81' lang='lat' dir='ltr'><strong><em>certamine</em></strong></span> <span class='ocrx_word' id='word_1_270' title='bbox 1083 3052 1136 3096; x_wconf 92' lang='lat' dir='ltr'><strong><em>suo</em></strong></span> <span class='ocrx_word' id='word_1_271' title='bbox 1147 3038 1261 3093; x_wconf 78' lang='lat' dir='ltr'><strong><em>nonune</em></strong></span> <span class='ocrx_word' id='word_1_272' title='bbox 1264 3040 1407 3112; x_wconf 73' lang='lat' dir='ltr'><strong><em>purperei</em></strong></span> <span class='ocrx_word' id='word_1_273' title='bbox 1421 3035 1570 3115; x_wconf 78' lang='lat' dir='ltr'><strong><em>injuriam,</em></strong></span> <span class='ocrx_word' id='word_1_274' title='bbox 1586 3043 1616 3098; x_wconf 90' lang='lat' dir='ltr'><strong><em>et</em></strong></span> 
     </span>
     <span class='ocr_line' id='line_1_28' title="bbox 394 3125 1614 3207; baseline -0.002 -16"><span class='ocrx_word' id='word_1_275' title='bbox 394 3129 575 3191; x_wconf 71' lang='lat' dir='ltr'><strong><em>emendes</em></strong></span> <span class='ocrx_word' id='word_1_276' title='bbox 587 3129 807 3202; x_wconf 81' lang='lat' dir='ltr'><strong><em>rediateprerot.</em></strong></span> <span class='ocrx_word' id='word_1_277' title='bbox 820 3125 896 3188; x_wconf 84' lang='lat' dir='ltr'><strong><em>Hinc</em></strong></span> <span class='ocrx_word' id='word_1_278' title='bbox 905 3131 1032 3207; x_wconf 85' lang='lat' dir='ltr'><strong><em>propria</em></strong></span> <span class='ocrx_word' id='word_1_279' title='bbox 1046 3131 1137 3204; x_wconf 80' lang='lat' dir='ltr'><strong><em>ipsius</em></strong></span> <span class='ocrx_word' id='word_1_280' title='bbox 1145 3128 1332 3203; x_wconf 78' lang='lat' dir='ltr'><strong><em>peccata„uti</em></strong></span> <span class='ocrx_word' id='word_1_281' title='bbox 1343 3127 1455 3186; x_wconf 81' lang='lat' dir='ltr'><strong><em>tuau‘do</em></strong></span> <span class='ocrx_word' id='word_1_282' title='bbox 1468 3126 1559 3188; x_wconf 90' lang='lat' dir='ltr'><strong><em>solent</em></strong></span> <span class='ocrx_word' id='word_1_283' title='bbox 1569 3135 1614 3189; x_wconf 87' lang='lat' dir='ltr'><strong><em>in-</em></strong></span> 
     </span>
     <span class='ocr_line' id='line_1_29' title="bbox 392 3219 1616 3306; baseline -0.002 -19"><span class='ocrx_word' id='word_1_284' title='bbox 392 3233 498 3306; x_wconf 73' lang='lat' dir='ltr'><strong><em>pensa,</em></strong></span> <span class='ocrx_word' id='word_1_285' title='bbox 510 3231 543 3286; x_wconf 85' lang='lat' dir='ltr'><strong><em>in</em></strong></span> <span class='ocrx_word' id='word_1_286' title='bbox 555 3227 652 3286; x_wconf 73' lang='lat' dir='ltr'><strong><em>odom</em></strong></span> <span class='ocrx_word' id='word_1_287' title='bbox 666 3222 843 3286; x_wconf 78' lang='lat' dir='ltr'><strong><em>adrrertentis</em></strong></span> <span class='ocrx_word' id='word_1_288' title='bbox 855 3228 997 3285; x_wconf 87' lang='lat' dir='ltr'><strong><em>immutat.</em></strong></span> <span class='ocrx_word' id='word_1_289' title='bbox 1014 3221 1050 3282; x_wconf 78' lang='lat' dir='ltr'><strong><em>Et</em></strong></span> <span class='ocrx_word' id='word_1_290' title='bbox 1065 3239 1141 3284; x_wconf 87' lang='lat' dir='ltr'><strong><em>anno</em></strong></span> <span class='ocrx_word' id='word_1_291' title='bbox 1151 3219 1216 3297; x_wconf 79' lang='lat' dir='ltr'><strong><em>sere</em></strong></span> <span class='ocrx_word' id='word_1_292' title='bbox 1239 3223 1305 3278; x_wconf 90' lang='lat' dir='ltr'><strong><em>ante</em></strong></span> <span class='ocrx_word' id='word_1_293' title='bbox 1323 3219 1460 3283; x_wconf 85' lang='lat' dir='ltr'><strong><em>Carolum</em></strong></span> <span class='ocrx_word' id='word_1_294' title='bbox 1473 3227 1535 3281; x_wconf 84' lang='lat' dir='ltr'><strong><em>otta</em></strong></span> <span class='ocrx_word' id='word_1_295' title='bbox 1544 3222 1616 3297; x_wconf 81' lang='lat' dir='ltr'><strong><em>sun·</em></strong></span> 
     </span>
     <span class='ocr_line' id='line_1_30' title="bbox 393 3310 1612 3393; baseline 0.002 -20"><span class='ocrx_word' id='word_1_296' title='bbox 393 3319 478 3374; x_wconf 74' lang='lat' dir='ltr'><strong><em>dum</em></strong></span> <span class='ocrx_word' id='word_1_297' title='bbox 489 3315 677 3393; x_wconf 85' lang='lat' dir='ltr'><strong><em>Imperatoris</em></strong></span> <span class='ocrx_word' id='word_1_298' title='bbox 690 3312 852 3390; x_wconf 83' lang='lat' dir='ltr'><strong><em>obsequiose</em></strong></span> <span class='ocrx_word' id='word_1_299' title='bbox 861 3332 919 3392; x_wconf 92' lang='lat' dir='ltr'><strong><em>per</em></strong></span> <span class='ocrx_word' id='word_1_300' title='bbox 931 3312 1041 3375; x_wconf 87' lang='lat' dir='ltr'><strong><em>litteras</em></strong></span> <span class='ocrx_word' id='word_1_301' title='bbox 1055 3310 1230 3391; x_wconf 75' lang='lat' dir='ltr'><strong><em>applicavits</em></strong></span> <span class='ocrx_word' id='word_1_302' title='bbox 1241 3314 1269 3371; x_wconf 91' lang='lat' dir='ltr'><strong><em>et</em></strong></span> <span class='ocrx_word' id='word_1_303' title='bbox 1283 3326 1346 3369; x_wconf 81' lang='lat' dir='ltr'><strong><em>curm</em></strong></span> <span class='ocrx_word' id='word_1_304' title='bbox 1359 3311 1485 3374; x_wconf 87' lang='lat' dir='ltr'><strong><em>Austriis</em></strong></span> <span class='ocrx_word' id='word_1_305' title='bbox 1494 3321 1612 3392; x_wconf 78' lang='lat' dir='ltr'><strong><em>sanqui-</em></strong></span> 
     </span>
     <span class='ocr_line' id='line_1_31' title="bbox 392 3403 1646 3491; baseline -0.002 -19"><span class='ocrx_word' id='word_1_306' title='bbox 392 3416 447 3472; x_wconf 83' lang='lat' dir='ltr'><strong><em>nis</em></strong></span> <span class='ocrx_word' id='word_1_307' title='bbox 458 3412 693 3474; x_wconf 66' lang='lat' dir='ltr'><strong><em>uecessitudinem</em></strong></span> <span class='ocrx_word' id='word_1_308' title='bbox 700 3410 816 3491; x_wconf 89' lang='lat' dir='ltr'><strong><em>jactare</em></strong></span> <span class='ocrx_word' id='word_1_309' title='bbox 840 3410 941 3489; x_wconf 76' lang='lat' dir='ltr'><strong><em>eulpa,</em></strong></span> <span class='ocrx_word' id='word_1_310' title='bbox 950 3416 1051 3489; x_wconf 89' lang='lat' dir='ltr'><strong><em>prima</em></strong></span> <span class='ocrx_word' id='word_1_311' title='bbox 1060 3406 1202 3487; x_wconf 67' lang='lat' dir='ltr'><strong><em>perfidiae</em></strong></span> <span class='ocrx_word' id='word_1_312' title='bbox 1218 3405 1401 3467; x_wconf 80' lang='lat' dir='ltr'><strong><em>mediamnta!</em></strong></span> <span class='ocrx_word' id='word_1_313' title='bbox 1417 3403 1495 3464; x_wconf 81' lang='lat' dir='ltr'><strong><em>Nam</em></strong></span> <span class='ocrx_word' id='word_1_314' title='bbox 1514 3407 1614 3469; x_wconf 83' lang='lat' dir='ltr'><strong><em>Caroli</em></strong></span> <span class='ocrx_word' id='word_1_315' title='bbox 1643 3467 1646 3474; x_wconf 92' lang='grc'><em>,</em></span> 
     </span>
     <span class='ocr_line' id='line_1_32' title="bbox 393 3493 1612 3576; baseline -0.004 -15"><span class='ocrx_word' id='word_1_316' title='bbox 393 3505 542 3574; x_wconf 74' lang='lat' dir='ltr'><strong><em>mprcnsis</em></strong></span> <span class='ocrx_word' id='word_1_317' title='bbox 562 3499 749 3575; x_wconf 72' lang='lat' dir='ltr'><strong><em>adnunciatis,</em></strong></span> <span class='ocrx_word' id='word_1_318' title='bbox 765 3498 900 3561; x_wconf 72' lang='lat' dir='ltr'><strong><em>ticenum</em></strong></span> <span class='ocrx_word' id='word_1_319' title='bbox 909 3505 936 3559; x_wconf 92' lang='lat' dir='ltr'><strong><em>ct</em></strong></span> <span class='ocrx_word' id='word_1_320' title='bbox 951 3498 1098 3576; x_wconf 81' lang='lat' dir='ltr'><strong><em>Apuliam,</em></strong></span> <span class='ocrx_word' id='word_1_321' title='bbox 1112 3501 1139 3556; x_wconf 92' lang='lat' dir='ltr'><strong><em>et</em></strong></span> <span class='ocrx_word' id='word_1_322' title='bbox 1156 3496 1301 3574; x_wconf 83' lang='lat' dir='ltr'><strong><em>quidquid</em></strong></span> <span class='ocrx_word' id='word_1_323' title='bbox 1322 3493 1485 3574; x_wconf 86' lang='lat' dir='ltr'><strong><em>interjacet,</em></strong></span> <span class='ocrx_word' id='word_1_324' title='bbox 1497 3513 1551 3573; x_wconf 89' lang='lat' dir='ltr'><strong><em>per</em></strong></span> <span class='ocrx_word' id='word_1_325' title='bbox 1563 3515 1612 3560; x_wconf 90' lang='lat' dir='ltr'><strong><em>su·</em></strong></span> 
     </span>
     <span class='ocr_line' id='line_1_33' title="bbox 393 3589 1612 3671; baseline -0.002 -17"><span class='ocrx_word' id='word_1_326' title='bbox 393 3594 492 3655; x_wconf 63' lang='lat' dir='ltr'><strong><em>worn</em></strong></span> <span class='ocrx_word' id='word_1_327' title='bbox 504 3601 690 3669; x_wconf 78' lang='lat' dir='ltr'><strong><em>mensionem,</em></strong></span> <span class='ocrx_word' id='word_1_328' title='bbox 704 3592 879 3671; x_wconf 86' lang='lat' dir='ltr'><strong><em>Imperatori</em></strong></span> <span class='ocrx_word' id='word_1_329' title='bbox 889 3613 982 3657; x_wconf 83' lang='lat' dir='ltr'><strong><em>oacseo</em></strong></span> <span class='ocrx_word' id='word_1_330' title='bbox 994 3613 1024 3656; x_wconf 90' lang='lat' dir='ltr'><strong><em>se</em></strong></span> <span class='ocrx_word' id='word_1_331' title='bbox 1037 3595 1225 3668; x_wconf 82' lang='lat' dir='ltr'><strong><em>traditurum,</em></strong></span> <span class='ocrx_word' id='word_1_332' title='bbox 1236 3589 1324 3651; x_wconf 80' lang='lat' dir='ltr'><strong><em>diest.</em></strong></span> <span class='ocrx_word' id='word_1_333' title='bbox 1337 3589 1410 3649; x_wconf 76' lang='lat' dir='ltr'><strong><em>Moe</em></strong></span> <span class='ocrx_word' id='word_1_334' title='bbox 1422 3595 1544 3669; x_wconf 76' lang='lat' dir='ltr'><strong><em>excepto</em></strong></span> <span class='ocrx_word' id='word_1_335' title='bbox 1558 3609 1612 3668; x_wconf 92' lang='lat' dir='ltr'><strong><em>per</em></strong></span> 
     </span>
     <span class='ocr_line' id='line_1_34' title="bbox 390 3685 1609 3772; baseline -0.001 -22"><span class='ocrx_word' id='word_1_336' title='bbox 390 3697 539 3752; x_wconf 76' lang='lat' dir='ltr'><strong><em>merum</em></strong></span> <span class='ocrx_word' id='word_1_337' title='bbox 553 3710 708 3755; x_wconf 66' lang='lat' dir='ltr'><strong><em>successore</em></strong></span> <span class='ocrx_word' id='word_1_338' title='bbox 723 3690 869 3772; x_wconf 80' lang='lat' dir='ltr'><strong><em>Pleilippo,</em></strong></span> <span class='ocrx_word' id='word_1_339' title='bbox 886 3711 944 3756; x_wconf 89' lang='lat' dir='ltr'><strong><em>non</em></strong></span> <span class='ocrx_word' id='word_1_340' title='bbox 956 3690 1137 3768; x_wconf 71' lang='lat' dir='ltr'><strong><em>defuturum,</em></strong></span> <span class='ocrx_word' id='word_1_341' title='bbox 1152 3696 1204 3767; x_wconf 87' lang='lat' dir='ltr'><strong><em>qui</em></strong></span> <span class='ocrx_word' id='word_1_342' title='bbox 1215 3696 1246 3750; x_wconf 89' lang='lat' dir='ltr'><strong><em>in</em></strong></span> <span class='ocrx_word' id='word_1_343' title='bbox 1258 3705 1346 3767; x_wconf 77' lang='lat' dir='ltr'><strong><em>repno</em></strong></span> <span class='ocrx_word' id='word_1_344' title='bbox 1355 3705 1418 3765; x_wconf 89' lang='lat' dir='ltr'><strong><em>pro</em></strong></span> <span class='ocrx_word' id='word_1_345' title='bbox 1429 3685 1609 3763; x_wconf 88' lang='lat' dir='ltr'><strong><em>Imperatore</em></strong></span> 
     </span>
     <span class='ocr_line' id='line_1_35' title="bbox 389 3776 1609 3863; baseline -0.004 -23"><span class='ocrx_word' id='word_1_346' title='bbox 389 3779 529 3856; x_wconf 74' lang='lat' dir='ltr'><strong><em>frorstem</em></strong></span> <span class='ocrx_word' id='word_1_347' title='bbox 541 3780 682 3856; x_wconf 82' lang='lat' dir='ltr'><strong><em>advertat,</em></strong></span> <span class='ocrx_word' id='word_1_348' title='bbox 695 3789 722 3842; x_wconf 91' lang='lat' dir='ltr'><strong><em>et</em></strong></span> <span class='ocrx_word' id='word_1_349' title='bbox 736 3788 767 3842; x_wconf 90' lang='lat' dir='ltr'><strong><em>in</em></strong></span> <span class='ocrx_word' id='word_1_350' title='bbox 779 3790 911 3863; x_wconf 75' lang='lat' dir='ltr'><strong><em>sequenti</em></strong></span> <span class='ocrx_word' id='word_1_351' title='bbox 922 3786 1029 3845; x_wconf 89' lang='lat' dir='ltr'><strong><em>aestate</em></strong></span> <span class='ocrx_word' id='word_1_352' title='bbox 1050 3786 1082 3840; x_wconf 87' lang='lat' dir='ltr'><strong><em>in</em></strong></span> <span class='ocrx_word' id='word_1_353' title='bbox 1095 3779 1182 3840; x_wconf 80' lang='lat' dir='ltr'><strong><em>dubio</em></strong></span> <span class='ocrx_word' id='word_1_354' title='bbox 1195 3778 1270 3840; x_wconf 81' lang='lat' dir='ltr'><strong><em>letto</em></strong></span> <span class='ocrx_word' id='word_1_355' title='bbox 1284 3794 1418 3840; x_wconf 82' lang='lat' dir='ltr'><strong><em>arsuram</em></strong></span> <span class='ocrx_word' id='word_1_356' title='bbox 1431 3776 1550 3837; x_wconf 86' lang='lat' dir='ltr'><strong><em>Italiam</em></strong></span> <span class='ocrx_word' id='word_1_357' title='bbox 1564 3795 1609 3836; x_wconf 91' lang='lat' dir='ltr'><strong><em>ee·</em></strong></span> 
     </span>
     <span class='ocr_line' id='line_1_36' title="bbox 390 3871 1610 3942; baseline 0.001 -8"><span class='ocrx_word' id='word_1_358' title='bbox 390 3878 473 3934; x_wconf 68' lang='lat' dir='ltr'><strong><em>amet</em></strong></span> <span class='ocrx_word' id='word_1_359' title='bbox 495 3876 692 3939; x_wconf 74' lang='lat' dir='ltr'><strong><em>minabundus.</em></strong></span> <span class='ocrx_word' id='word_1_360' title='bbox 708 3879 770 3938; x_wconf 84' lang='lat' dir='ltr'><strong><em>Nec</em></strong></span> <span class='ocrx_word' id='word_1_361' title='bbox 783 3880 966 3942; x_wconf 90' lang='lat' dir='ltr'><strong><em>maledictae</em></strong></span> <span class='ocrx_word' id='word_1_362' title='bbox 979 3885 1086 3939; x_wconf 88' lang='lat' dir='ltr'><strong><em>minae.</em></strong></span> <span class='ocrx_word' id='word_1_363' title='bbox 1112 3876 1188 3936; x_wconf 91' lang='lat' dir='ltr'><strong><em>Nam</em></strong></span> <span class='ocrx_word' id='word_1_364' title='bbox 1207 3881 1283 3936; x_wconf 86' lang='lat' dir='ltr'><strong><em>inter</em></strong></span> <span class='ocrx_word' id='word_1_365' title='bbox 1305 3871 1361 3934; x_wconf 76' lang='lat' dir='ltr'><strong><em>liae</em></strong></span> <span class='ocrx_word' id='word_1_366' title='bbox 1381 3872 1461 3935; x_wconf 86' lang='lat' dir='ltr'><strong><em>Vasti</em></strong></span> <span class='ocrx_word' id='word_1_367' title='bbox 1472 3890 1567 3932; x_wconf 89' lang='lat' dir='ltr'><strong><em>arcem</em></strong></span> <span class='ocrx_word' id='word_1_368' title='bbox 1580 3879 1610 3935; x_wconf 87' lang='lat' dir='ltr'><strong><em>in</em></strong></span> 
     </span>
     <span class='ocr_line' id='line_1_37' title="bbox 388 3968 1611 4052; baseline -0.002 -21"><span class='ocrx_word' id='word_1_369' title='bbox 388 3975 488 4047; x_wconf 76' lang='lat' dir='ltr'><strong><em>rcqni</em></strong></span> <span class='ocrx_word' id='word_1_370' title='bbox 495 3968 599 4046; x_wconf 70' lang='lat' dir='ltr'><strong><em>fimtsss</em></strong></span> <span class='ocrx_word' id='word_1_371' title='bbox 617 3971 658 4032; x_wconf 87' lang='lat' dir='ltr'><strong><em>ad</em></strong></span> <span class='ocrx_word' id='word_1_372' title='bbox 670 3991 804 4051; x_wconf 88' lang='lat' dir='ltr'><strong><em>superum</em></strong></span> <span class='ocrx_word' id='word_1_373' title='bbox 816 3994 896 4039; x_wconf 87' lang='lat' dir='ltr'><strong><em>mare</em></strong></span> <span class='ocrx_word' id='word_1_374' title='bbox 912 3981 1009 4052; x_wconf 88' lang='lat' dir='ltr'><strong><em>sitam,</em></strong></span> <span class='ocrx_word' id='word_1_375' title='bbox 1023 3991 1081 4051; x_wconf 81' lang='lat' dir='ltr'><strong><em>qua</em></strong></span> <span class='ocrx_word' id='word_1_376' title='bbox 1092 3970 1157 4048; x_wconf 81' lang='lat' dir='ltr'><strong><em>sere</em></strong></span> <span class='ocrx_word' id='word_1_377' title='bbox 1170 3988 1283 4048; x_wconf 87' lang='lat' dir='ltr'><strong><em>semper</em></strong></span> <span class='ocrx_word' id='word_1_378' title='bbox 1307 3975 1339 4031; x_wconf 88' lang='lat' dir='ltr'><strong><em>in</em></strong></span> <span class='ocrx_word' id='word_1_379' title='bbox 1352 3985 1472 4046; x_wconf 66' lang='lat' dir='ltr'><strong><em>reginum</em></strong></span> <span class='ocrx_word' id='word_1_380' title='bbox 1486 3968 1611 4030; x_wconf 77' lang='lat' dir='ltr'><strong><em>hostium</em></strong></span> 
     </span>
     <span class='ocr_line' id='line_1_38' title="bbox 386 4062 1610 4149; baseline 0.005 -28"><span class='ocrx_word' id='word_1_381' title='bbox 386 4067 574 4138; x_wconf 73' lang='lat' dir='ltr'><strong><em>irruptiones</em></strong></span> <span class='ocrx_word' id='word_1_382' title='bbox 592 4062 699 4143; x_wconf 78' lang='lat' dir='ltr'><strong><em>sactee,</em></strong></span> <span class='ocrx_word' id='word_1_383' title='bbox 715 4071 874 4130; x_wconf 82' lang='lat' dir='ltr'><strong><em>inconsulto</em></strong></span> <span class='ocrx_word' id='word_1_384' title='bbox 888 4071 1025 4149; x_wconf 76' lang='lat' dir='ltr'><strong><em>Proreqe,</em></strong></span> <span class='ocrx_word' id='word_1_385' title='bbox 1039 4072 1128 4131; x_wconf 88' lang='lat' dir='ltr'><strong><em>sarcit</em></strong></span> <span class='ocrx_word' id='word_1_386' title='bbox 1140 4065 1278 4140; x_wconf 79' lang='lat' dir='ltr'><strong><em>turritus,</em></strong></span> <span class='ocrx_word' id='word_1_387' title='bbox 1292 4062 1437 4142; x_wconf 77' lang='lat' dir='ltr'><strong><em>fossisque</em></strong></span> <span class='ocrx_word' id='word_1_388' title='bbox 1450 4067 1552 4143; x_wconf 85' lang='lat' dir='ltr'><strong><em>mursit,</em></strong></span> <span class='ocrx_word' id='word_1_389' title='bbox 1569 4072 1610 4127; x_wconf 90' lang='lat' dir='ltr'><strong><em>ei·</em></strong></span> 
     </span>
     <span class='ocr_line' id='line_1_39' title="bbox 385 4152 1611 4240; baseline 0.002 -26"><span class='ocrx_word' id='word_1_390' title='bbox 385 4152 474 4211; x_wconf 76' lang='lat' dir='ltr'><strong><em>butu</em></strong></span> <span class='ocrx_word' id='word_1_391' title='bbox 483 4160 622 4231; x_wconf 74' lang='lat' dir='ltr'><strong><em>armemee</em></strong></span> <span class='ocrx_word' id='word_1_392' title='bbox 635 4161 760 4235; x_wconf 77' lang='lat' dir='ltr'><strong><em>instruit,</em></strong></span> <span class='ocrx_word' id='word_1_393' title='bbox 775 4164 801 4218; x_wconf 89' lang='lat' dir='ltr'><strong><em>et</em></strong></span> <span class='ocrx_word' id='word_1_394' title='bbox 814 4178 959 4240; x_wconf 88' lang='lat' dir='ltr'><strong><em>eampum,</em></strong></span> <span class='ocrx_word' id='word_1_395' title='bbox 972 4161 1023 4220; x_wconf 84' lang='lat' dir='ltr'><strong><em>ubi</em></strong></span> <span class='ocrx_word' id='word_1_396' title='bbox 1036 4176 1095 4237; x_wconf 89' lang='lat' dir='ltr'><strong><em>pro</em></strong></span> <span class='ocrx_word' id='word_1_397' title='bbox 1108 4173 1174 4217; x_wconf 90' lang='lat' dir='ltr'><strong><em>erce</em></strong></span> <span class='ocrx_word' id='word_1_398' title='bbox 1187 4159 1415 4230; x_wconf 86' lang='lat' dir='ltr'><strong><em>castrametetur,</em></strong></span> <span class='ocrx_word' id='word_1_399' title='bbox 1432 4155 1542 4225; x_wconf 78' lang='lat' dir='ltr'><strong><em>adsitis,</em></strong></span> <span class='ocrx_word' id='word_1_400' title='bbox 1555 4157 1611 4218; x_wconf 86' lang='lat' dir='ltr'><strong><em>ole-</em></strong></span> 
     </span>
     <span class='ocr_line' id='line_1_40' title="bbox 381 4247 1610 4337; baseline 0.007 -28"><span class='ocrx_word' id='word_1_401' title='bbox 381 4255 445 4325; x_wconf 86' lang='lat' dir='ltr'><strong><em>tis,</em></strong></span> <span class='ocrx_word' id='word_1_402' title='bbox 466 4247 591 4325; x_wconf 79' lang='lat' dir='ltr'><strong><em>deputat.</em></strong></span> <span class='ocrx_word' id='word_1_403' title='bbox 607 4250 680 4311; x_wconf 78' lang='lat' dir='ltr'><strong><em>Hinc</em></strong></span> <span class='ocrx_word' id='word_1_404' title='bbox 693 4261 724 4314; x_wconf 89' lang='lat' dir='ltr'><strong><em>ia</em></strong></span> <span class='ocrx_word' id='word_1_405' title='bbox 737 4258 854 4320; x_wconf 90' lang='lat' dir='ltr'><strong><em>ditionis</em></strong></span> <span class='ocrx_word' id='word_1_406' title='bbox 860 4258 1034 4337; x_wconf 80' lang='lat' dir='ltr'><strong><em>pontificiae</em></strong></span> <span class='ocrx_word' id='word_1_407' title='bbox 1049 4253 1161 4333; x_wconf 90' lang='lat' dir='ltr'><strong><em>oppida</em></strong></span> <span class='ocrx_word' id='word_1_408' title='bbox 1174 4255 1271 4326; x_wconf 84' lang='lat' dir='ltr'><strong><em>mittit,</em></strong></span> <span class='ocrx_word' id='word_1_409' title='bbox 1285 4257 1338 4329; x_wconf 81' lang='lat' dir='ltr'><strong><em>qui</em></strong></span> <span class='ocrx_word' id='word_1_410' title='bbox 1356 4253 1477 4313; x_wconf 66' lang='lat' dir='ltr'><strong><em>exulum</em></strong></span> <span class='ocrx_word' id='word_1_411' title='bbox 1487 4260 1513 4314; x_wconf 89' lang='lat' dir='ltr'><strong><em>ct</em></strong></span> <span class='ocrx_word' id='word_1_412' title='bbox 1525 4274 1610 4335; x_wconf 80' lang='lat' dir='ltr'><strong><em>pras·</em></strong></span> 
     </span>
     <span class='ocr_line' id='line_1_41' title="bbox 382 4348 1610 4434; baseline 0.001 -25"><span class='ocrx_word' id='word_1_413' title='bbox 382 4348 543 4419; x_wconf 72' lang='lat' dir='ltr'><strong><em>edorum,</em></strong></span> <span class='ocrx_word' id='word_1_414' title='bbox 557 4352 689 4423; x_wconf 79' lang='lat' dir='ltr'><strong><em>quaedum</em></strong></span> <span class='ocrx_word' id='word_1_415' title='bbox 702 4358 829 4430; x_wconf 84' lang='lat' dir='ltr'><strong><em>possint,</em></strong></span> <span class='ocrx_word' id='word_1_416' title='bbox 844 4359 966 4434; x_wconf 75' lang='lat' dir='ltr'><strong><em>copant3</em></strong></span> <span class='ocrx_word' id='word_1_417' title='bbox 981 4360 1088 4432; x_wconf 77' lang='lat' dir='ltr'><strong><em>quique</em></strong></span> <span class='ocrx_word' id='word_1_418' title='bbox 1108 4349 1245 4411; x_wconf 86' lang='lat' dir='ltr'><strong><em>Viennam</em></strong></span> <span class='ocrx_word' id='word_1_419' title='bbox 1266 4349 1307 4410; x_wconf 93' lang='lat' dir='ltr'><strong><em>ad</em></strong></span> <span class='ocrx_word' id='word_1_420' title='bbox 1320 4348 1527 4423; x_wconf 86' lang='lat' dir='ltr'><strong><em>Imperatorem</em></strong></span> <span class='ocrx_word' id='word_1_421' title='bbox 1536 4368 1610 4428; x_wconf 90' lang='lat' dir='ltr'><strong><em>per·</em></strong></span> 
     </span>
     <span class='ocr_line' id='line_1_42' title="bbox 380 4437 1607 4518; baseline 0.008 -26"><span class='ocrx_word' id='word_1_422' title='bbox 380 4439 471 4515; x_wconf 71' lang='lat' dir='ltr'><strong><em>qamt</em></strong></span> <span class='ocrx_word' id='word_1_423' title='bbox 485 4437 693 4515; x_wconf 80' lang='lat' dir='ltr'><strong><em>stimulentque.</em></strong></span> <span class='ocrx_word' id='word_1_424' title='bbox 710 4446 747 4502; x_wconf 79' lang='lat' dir='ltr'><strong><em>m</em></strong></span> <span class='ocrx_word' id='word_1_425' title='bbox 761 4450 867 4507; x_wconf 85' lang='lat' dir='ltr'><strong><em>veritus</em></strong></span> <span class='ocrx_word' id='word_1_426' title='bbox 881 4446 1064 4506; x_wconf 84' lang='lat' dir='ltr'><strong><em>maeleinosas</em></strong></span> <span class='ocrx_word' id='word_1_427' title='bbox 1078 4442 1189 4502; x_wconf 86' lang='lat' dir='ltr'><strong><em>litteras</em></strong></span> <span class='ocrx_word' id='word_1_428' title='bbox 1202 4444 1235 4498; x_wconf 86' lang='lat' dir='ltr'><strong><em>in</em></strong></span> <span class='ocrx_word' id='word_1_429' title='bbox 1248 4445 1407 4501; x_wconf 84' lang='lat' dir='ltr'><strong><em>corrrmeatu</em></strong></span> <span class='ocrx_word' id='word_1_430' title='bbox 1421 4444 1607 4518; x_wconf 85' lang='lat' dir='ltr'><strong><em>interceptos,</em></strong></span> 
     </span>
     <span class='ocr_line' id='line_1_43' title="bbox 379 4533 1607 4623; baseline 0.008 -30"><span class='ocrx_word' id='word_1_431' title='bbox 379 4535 543 4593; x_wconf 78' lang='lat' dir='ltr'><strong><em>eoeunem</em></strong></span> <span class='ocrx_word' id='word_1_432' title='bbox 552 4533 605 4594; x_wconf 84' lang='lat' dir='ltr'><strong><em>siti</em></strong></span> <span class='ocrx_word' id='word_1_433' title='bbox 619 4536 709 4610; x_wconf 67' lang='lat' dir='ltr'><strong><em>pidum</em></strong></span> <span class='ocrx_word' id='word_1_434' title='bbox 723 4540 847 4603; x_wconf 87' lang='lat' dir='ltr'><strong><em>Leurcti</em></strong></span> <span class='ocrx_word' id='word_1_435' title='bbox 862 4547 990 4621; x_wconf 88' lang='lat' dir='ltr'><strong><em>appetiri</em></strong></span> <span class='ocrx_word' id='word_1_436' title='bbox 996 4541 1156 4623; x_wconf 80' lang='lat' dir='ltr'><strong><em>jubet,qai</em></strong></span> <span class='ocrx_word' id='word_1_437' title='bbox 1168 4542 1299 4615; x_wconf 84' lang='lat' dir='ltr'><strong><em>acceptas</em></strong></span> <span class='ocrx_word' id='word_1_438' title='bbox 1314 4538 1434 4600; x_wconf 81' lang='lat' dir='ltr'><strong><em>stertas</em></strong></span> <span class='ocrx_word' id='word_1_439' title='bbox 1447 4537 1607 4603; x_wconf 78' lang='lat' dir='ltr'><strong><em>tabellariis</em></strong></span> 
     </span>
     <span class='ocr_line' id='line_1_44' title="bbox 378 4620 1607 4712; baseline 0.006 -27"><span class='ocrx_word' id='word_1_440' title='bbox 378 4626 495 4685; x_wconf 82' lang='lat' dir='ltr'><strong><em>daret.</em></strong></span> <span class='ocrx_word' id='word_1_441' title='bbox 515 4620 582 4684; x_wconf 78' lang='lat' dir='ltr'><strong><em>Mac</em></strong></span> <span class='ocrx_word' id='word_1_442' title='bbox 595 4626 676 4688; x_wconf 86' lang='lat' dir='ltr'><strong><em>illato</em></strong></span> <span class='ocrx_word' id='word_1_443' title='bbox 689 4636 720 4692; x_wconf 90' lang='lat' dir='ltr'><strong><em>in</em></strong></span> <span class='ocrx_word' id='word_1_444' title='bbox 728 4620 848 4693; x_wconf 86' lang='lat' dir='ltr'><strong><em>Italiam</em></strong></span> <span class='ocrx_word' id='word_1_445' title='bbox 858 4634 945 4710; x_wconf 85' lang='lat' dir='ltr'><strong><em>bello,</em></strong></span> <span class='ocrx_word' id='word_1_446' title='bbox 954 4652 1009 4712; x_wconf 89' lang='lat' dir='ltr'><strong><em>per</em></strong></span> <span class='ocrx_word' id='word_1_447' title='bbox 1018 4639 1169 4694; x_wconf 81' lang='lat' dir='ltr'><strong><em>orocrarios</em></strong></span> <span class='ocrx_word' id='word_1_448' title='bbox 1182 4646 1272 4693; x_wconf 83' lang='lat' dir='ltr'><strong><em>naues</em></strong></span> <span class='ocrx_word' id='word_1_449' title='bbox 1287 4637 1458 4692; x_wconf 83' lang='lat' dir='ltr'><strong><em>commeares</em></strong></span> <span class='ocrx_word' id='word_1_450' title='bbox 1478 4630 1607 4693; x_wconf 77' lang='lat' dir='ltr'><strong><em>Venetam</em></strong></span> 
     </span>
     <span class='ocr_line' id='line_1_45' title="bbox 374 4719 1607 4806; baseline 0.008 -27"><span class='ocrx_word' id='word_1_451' title='bbox 374 4719 494 4794; x_wconf 78' lang='lat' dir='ltr'><strong><em>rnr‘ttit,</em></strong></span> <span class='ocrx_word' id='word_1_452' title='bbox 503 4724 553 4795; x_wconf 82' lang='lat' dir='ltr'><strong><em>qui</em></strong></span> <span class='ocrx_word' id='word_1_453' title='bbox 562 4723 593 4780; x_wconf 90' lang='lat' dir='ltr'><strong><em>iu</em></strong></span> <span class='ocrx_word' id='word_1_454' title='bbox 605 4729 701 4788; x_wconf 85' lang='lat' dir='ltr'><strong><em>castro</em></strong></span> <span class='ocrx_word' id='word_1_455' title='bbox 714 4729 885 4792; x_wconf 84' lang='lat' dir='ltr'><strong><em>Germanico</em></strong></span> <span class='ocrx_word' id='word_1_456' title='bbox 896 4733 1105 4805; x_wconf 80' lang='lat' dir='ltr'><strong><em>conscientas,</em></strong></span> <span class='ocrx_word' id='word_1_457' title='bbox 1113 4733 1141 4789; x_wconf 91' lang='lat' dir='ltr'><strong><em>et</em></strong></span> <span class='ocrx_word' id='word_1_458' title='bbox 1151 4726 1413 4806; x_wconf 84' lang='lat' dir='ltr'><strong><em>improsperntsetli</em></strong></span> <span class='ocrx_word' id='word_1_459' title='bbox 1420 4729 1457 4789; x_wconf 80' lang='lat' dir='ltr'><strong><em>ab</em></strong></span> <span class='ocrx_word' id='word_1_460' title='bbox 1468 4726 1607 4803; x_wconf 78' lang='lat' dir='ltr'><strong><em>Hispams</em></strong></span> 
     </span>
    </p>
   </div>
   <div class='ocr_carea' id='block_1_4' title="bbox 0 0 1976 5592">
    <p class='ocr_par' dir='ltr' id='par_1_4' title="bbox 0 0 1976 5592">
     <span class='ocr_line' id='line_1_46' title="bbox 0 0 1976 5592; baseline 0 10"><span class='ocrx_word' id='word_1_461' title='bbox 0 0 1976 5592; x_wconf 95' lang='lat' dir='ltr'><strong><em> </em></strong></span> 
     </span>
    </p>
   </div>
  </div>
 </body>
</html>
