3942 5592
384 596 511 661 Veneris
524 614 612 663 sacra
621 597 790 679 perageret,
801 594 832 653 et
843 589 922 652 inter
932 603 1008 651 suae
1017 583 1161 649 militaris
1172 584 1297 648 uirtutis
1305 583 1509 653 obversantes.
1519 588 1596 652 ima-

383 690 470 772 gines
483 689 670 754 bellatricem
678 680 962 769 tingeretsobolem.
973 678 1103 741 Demum
1113 678 1166 758 qui
1174 677 1250 759 regii
1261 677 1409 759 coniuges
1428 678 1594 760 praestanti

384 785 520 866 corporis
533 785 634 848 forma
647 775 917 864 pariterpraediti,
932 781 1084 856 quantum
1101 774 1235 856 egregiis
1255 773 1355 837 animi
1369 773 1539 839 virtutibus
1554 775 1609 840 si·'

386 876 486 942 milest
503 887 598 960 Atque
613 878 672 942 boc
686 876 744 943 loci
759 877 937 939 innumeras
947 868 1166 953 praetermitto,
1180 887 1293 951 easque
1307 868 1468 934 dumtaxat
1481 889 1596 953 operae

384 973 522 1053 pretium
535 972 643 1055 exequi
658 971 800 1048 arbitror,
814 968 927 1052 quibus
941 964 1001 1029 viri
1014 963 1204 1028 feminarum
1219 964 1327 1030 laudes
1347 969 1412 1027 tam
1425 983 1497 1029 raro
1511 985 1597 1031 asse·

384 1069 537 1146 quuntur,
551 1071 587 1127 ut
603 1063 761 1129 muliebris
775 1078 869 1126 sexus
877 1058 1022 1143 propriae
1037 1056 1129 1139 vulgo
1139 1076 1205 1124 esse
1219 1057 1361 1124 dicantur
1374 1057 1495 1142 religio,
1508 1061 1598 1142 pudi-

385 1159 481 1236 citia,
505 1159 725 1224 misericordia.
741 1159 779 1221 llt
801 1175 874 1221 sane
887 1152 1014 1238 quidem
1039 1152 1136 1216 Caroli
1150 1153 1310 1219 eximiain
1325 1155 1418 1218 Deum
1437 1153 1599 1237 Optimum

392 1250 561 1316 Maximum
575 1250 671 1335 pietas
684 1258 727 1317 est
740 1251 830 1334 plane
844 1245 1035 1323 admiranda,
1047 1247 1102 1327 qui
1116 1248 1148 1311 in
1162 1249 1300 1311 humano
1313 1264 1424 1330 regum
1437 1246 1519 1311 fastu
1539 1247 1602 1310 hu-

391 1344 550 1422 manisque
564 1341 683 1405 deliciis
693 1340 830 1404 divinam
844 1338 942 1405 ferme
955 1339 1051 1400 sitam
1064 1355 1156 1419 agere
1169 1339 1251 1402 visus
1263 1346 1318 1402 est.
1332 1339 1410 1402 llinc
1424 1336 1478 1402 illa
1503 1339 1603 1421 ipsius

393 1434 537 1519 pudicitia
551 1433 634 1497 omni
649 1431 740 1498 laude
751 1451 787 1498 ao
801 1429 1028 1516 praedicatione
1042 1429 1231 1512 dignissima,
1246 1449 1308 1513 qua
1319 1431 1351 1495 in
1364 1432 1487 1515 juvenis
1505 1440 1598 1512 atque

392 1528 467 1593 adeo
481 1527 602 1610 innupti
614 1526 772 1611 principis,
786 1535 817 1590 et
829 1545 848 1591 a
860 1531 1024 1608 parentum
1038 1539 1091 1586 ore
1103 1542 1157 1606 per
1170 1523 1361 1588 immensum
1377 1532 1533 1589 terrarum
1547 1539 1595 1585 or·

391 1619 461 1684 bern
476 1620 584 1696 dirisi,
598 1621 671 1683 aula
683 1618 761 1683 nibil
774 1619 834 1683 nisi
847 1628 964 1682 castum
978 1662 988 1696 ,
1002 1634 1114 1699 purum
1129 1661 1138 1691 ,
1152 1623 1294 1680 sanctum
1311 1619 1591 1696 intemeratumque

305 1771 308 1779 .
390 1720 541 1778 versatum
556 1729 623 1778 esse
636 1719 834 1779 memoretur.
849 1711 928 1786 Quin
940 1756 950 1790 ,
964 1728 1027 1792 quo
1041 1710 1122 1773 ciues
1136 1708 1259 1774 laxandi
1280 1710 1378 1775 animi
1395 1712 1495 1795 gratia
1510 1713 1594 1777 solu·

388 1804 478 1869 tiores
485 1803 725 1885 conueniunt,in
735 1801 954 1884 theatro,quod
961 1801 1103 1867 omnium
1112 1800 1245 1884 Europae
1252 1803 1593 1885 magnificentissimum

384 1895 483 1961 extrui
496 1896 604 1980 jussit,
620 1894 801 1961 theatralem
815 1897 960 1980 plausum
974 1894 1112 1976 alioqui,
1126 1893 1242 1958 nedum
1259 1898 1461 1979 permissam,
1476 1898 1530 1963 sed
1544 1916 1599 1962 ex·

387 1991 446 2075 peti
452 1998 513 2054 tam
528 1991 682 2055 licentiam
697 2009 754 2055 sua
764 2010 869 2057 severa
883 1991 1056 2073 praesentia
1065 1998 1195 2069 coercet,
1205 2010 1242 2057 ac
1263 1992 1488 2073 spectatoribus
1506 1995 1599 2060 silen-

379 2084 736 2169 tium,plrilosopborum
746 2084 1009 2176 scltolisdignum,
1019 2083 1136 2150 indicit.
1145 2084 1185 2148 lle
1197 2087 1284 2148 tertia
1297 2103 1336 2150 ex
1346 2085 1438 2152 modo
1451 2105 1598 2152 numera-

388 2185 427 2249 tis
441 2180 1123 2269 uirtutibussuperestutdicamus:quodquae
1136 2184 1170 2247 in
1183 2183 1252 2248 aliis
1261 2184 1454 2266 Principibus
1466 2187 1597 2250 summis

387 2278 549 2342 clementia
562 2281 805 2357 commendatur,
819 2299 856 2343 ea
870 2278 902 2340 in
916 2283 1022 2341 nostro
1035 2277 1243 2343 misericordia
1256 2285 1321 2343 est:
1337 2278 1489 2362 siquidem
1503 2281 1599 2346 meri-

387 2373 428 2453 tis
442 2371 480 2434 ad
502 2372 622 2436 caelum
643 2374 787 2438 laudibus
801 2373 927 2438 effertur
946 2371 999 2434 illa
1021 2372 1215 2456 Imperatoris
1237 2375 1368 2440 Romani
1388 2396 1447 2443 vox
1468 2424 1477 2456 ,
1499 2395 1599 2459 quum

385 2467 516 2550 primam
531 2469 721 2547 sententiam,
736 2488 798 2551 qua
811 2487 899 2534 reum
914 2485 1057 2547 supremo
1068 2468 1215 2553 supplicio
1227 2469 1303 2533 affici
1314 2477 1457 2554 oportere
1480 2473 1599 2557 judices

387 2560 642 2643 pronunciarent,
658 2561 852 2628 subscribere
866 2559 984 2639 debuit,
1000 2560 1104 2626 literas
1118 2561 1261 2627 didicisse
1275 2581 1307 2627 se
1331 2564 1486 2644 poenitere
1506 2562 1600 2627 adtir-

384 2653 490 2719 mavit:
509 2658 540 2715 at
553 2652 689 2734 Carolus,
703 2654 861 2737 siquando
873 2651 950 2734 quid
966 2653 1033 2734 ejus
1046 2653 1149 2718 simile
1159 2672 1178 2715 a
1188 2655 1419 2735 magistratibus
1440 2655 1596 2737 imperare

385 2754 521 2831 rogatur,
536 2749 640 2813 sedulo
654 2768 760 2815 eorum
776 2749 813 2814 ad
828 2769 859 2815 se
874 2768 1030 2816 accessum
1044 2749 1201 2829 declinat,
1215 2748 1268 2815 ubi
1284 2746 1390 2814 autem
1414 2749 1447 2814 id
1461 2748 1562 2816 facere
1576 2768 1595 2813 a

385 2859 442 2904 sua
457 2841 552 2923 ipsius
565 2841 713 2923 dignitate
727 2843 938 2926 prohibeatur,
954 2841 992 2906 ad
1008 2860 1170 2925 proceres,
1185 2843 1239 2924 qui
1254 2842 1330 2906 lorte
1354 2842 1489 2920 adsum,
1504 2842 1597 2906 obtu-

386 2942 437 3001 tus
447 2935 543 3000 veluti
554 2934 750 3016 rogabondos
760 2940 919 3013 contenit,
931 2938 1103 3020 tacitusque
1112 2937 1326 3016 significat,uti
1336 2935 1491 3002 decretam
1500 2935 1591 2999 dam-

382 3033 454 3092 nato
467 3042 598 3110 poenam
613 3023 824 3109 deprecentur.
841 3031 919 3094 Satis
932 3073 940 3107 ,
955 3029 989 3093 ni
1004 3027 1113 3107 lallor,
1128 3026 1259 3110 simplici
1281 3027 1426 3108 nudoque
1448 3023 1593 3089 dictionis

381 3132 492 3205 gauere
502 3123 549 3182 est
558 3116 708 3193 hactenus
718 3117 1077 3201 demonstratum,benm
1086 3117 1244 3203 Optimum
1255 3117 1423 3182 Maximum
1433 3115 1487 3183 uni
1499 3117 1598 3205 utriu-

385 3228 462 3291 sque
473 3212 552 3294 regii
568 3214 703 3293 coniugis
717 3214 778 3279 lato
791 3217 966 3299 imperasse,
980 3214 1064 3280 otiis
1077 3214 1269 3296 amplissima
1281 3214 1384 3296 origo,
1399 3212 1599 3297 praestantis-

384 3307 464 3371 sima
478 3309 588 3387 forma,
602 3310 841 3392 praeclarissima
854 3315 952 3378 virtus
965 3333 1052 3397 pares
1062 3315 1191 3378 omnino
1206 3312 1407 3394 contingeret,
1417 3312 1474 3392 qui
1485 3311 1593 3393 regios

385 3401 496 3466 liberos
510 3401 628 3483 origine
642 3405 916 3485 generosissimus,
930 3407 1032 3472 forma
1051 3406 1290 3471 amabilissimus
1306 3450 1315 3484 ,
1331 3405 1445 3468 virtute
1458 3405 1593 3487 optimos

385 3498 526 3579 gigneret
540 3506 700 3580 perpetuae
719 3501 933 3583 Neapolitanae
951 3503 1053 3586 gentis
1065 3501 1211 3565 leticitati.
1227 3502 1262 3563 llt
1272 3518 1346 3566 sane
1356 3499 1411 3564 bas
1421 3498 1523 3580 regias
1533 3516 1594 3562 nu·

381 3590 463 3670 ptias
477 3606 622 3651 summus
635 3607 739 3656 rerum
759 3593 910 3675 Regnator
931 3595 1050 3674 bonas,
1065 3595 1180 3659 faustas
1192 3640 1201 3674 ,
1215 3594 1316 3659 felices
1336 3591 1596 3676 praesentissimo

384 3681 519 3745 Numine
533 3679 692 3761 adprobat.
708 3683 812 3749 Tellus
832 3687 915 3750 enim
928 3694 959 3751 et
971 3686 1003 3749 in
1014 3687 1188 3766 jacentibus
1206 3687 1324 3768 eampis
1337 3693 1368 3750 et
1386 3683 1417 3747 in
1438 3689 1598 3751 montanis

383 3776 441 3837 boc
452 3775 517 3856 ipso
531 3771 711 3852 nuptiarum
727 3781 863 3857 tempore
878 3796 1009 3844 messem
1023 3777 1324 3842 abundantissimam
1341 3774 1429 3839 tulit:
1449 3781 1526 3838 tetra
1539 3775 1597 3839 bo—

381 3887 455 3932 rum
469 3867 535 3930 lues
548 3863 586 3927 ad
600 3864 677 3930 duos
690 3875 852 3950 perpetuos
872 3890 970 3936 annos
992 3870 1080 3954 longe
1100 3870 1220 3952 lateque
1240 3877 1396 3952 grassata,
1421 3887 1520 3955 quum
1536 3866 1595 3933 lte-

349 3957 354 3961 ’
381 3959 455 4042 gina
468 3960 527 4022 iter
540 3957 603 4019 huc
618 3955 803 4037 institueret,
817 3967 890 4027 tunc
913 3962 1037 4028 tandem
1057 3964 1223 4028 desaeviit:
1250 3964 1353 4042 ipsum
1373 3964 1447 4026 anni
1469 3967 1595 4044 tempus

383 4047 583 4113 commodum
598 4047 627 4111 ei
641 4046 870 4135 benignumque
882 4073 914 4118 se
928 4057 1080 4135 praebuit3
1090 4049 1169 4138 quae
1190 4054 1390 4138 erigentibus
1407 4054 1594 4120 Germaniae

382 4150 446 4214 oris
460 4143 518 4208 snb
534 4145 592 4208 boc
606 4148 785 4213 aestuosiori
800 4152 907 4232 caelo,
922 4170 985 4216 non
999 4155 1065 4219 sine
1077 4153 1180 4234 aliquo
1194 4151 1303 4216 salutis
1328 4151 1531 4230 discrimine,
1551 4162 1595 4216 te·

381 4238 462 4305 nella
475 4243 506 4299 et
520 4235 610 4319 longo
624 4237 733 4302 itinere
746 4242 860 4307 lassata
873 4251 938 4308 erat
954 4246 1054 4329 prima
1067 4252 1183 4310 aestate
1203 4246 1446 4326 commigratum
1465 4265 1475 4322 3
1490 4245 1595 4310 crebri

376 4330 462 4414 junio
476 4343 580 4393 mense
602 4332 729 4398 demissi
750 4335 865 4401 imbres
884 4337 1060 4404 aduenienti
1081 4355 1260 4421 supremum
1284 4354 1334 4402 ver
1357 4336 1593 4418 quodammodo

378 4431 591 4508 prorogarunt:
608 4427 696 4491 divus
710 4431 891 4511 lanuarias,
909 4436 1091 4518 praecipuus
1106 4435 1200 4518 hujus
1212 4434 1303 4499 urbis
1316 4432 1464 4516 regnique
1480 4441 1586 4514 patro-

378 4538 449 4590 nus,
465 4520 555 4603 cujus
570 4520 677 4584 honori
692 4523 758 4589 llex
772 4525 889 4611 insigni
902 4531 1011 4612 pietate
1022 4531 1188 4596 militarem
1202 4548 1378 4612 procerum,
1391 4529 1535 4611 principa
1549 4550 1597 4595 m-

376 4635 436 4698 que
454 4619 589 4683 virornm
603 4618 750 4685 Ordinem
765 4624 972 4709 instituit,suo
989 4631 1066 4693 mire
1078 4629 1264 4710 liquescente
1279 4645 1402 4702 eruore,
1414 4622 1498 4707 quod
1508 4629 1593 4704 opta-

378 4711 492 4793 batur,
509 4711 565 4778 boc
580 4715 738 4797 superiore
754 4735 860 4782 mense
873 4721 956 4802 maio
970 4767 977 4800 ,
993 4722 1147 4785 felicitatis
1170 4719 1292 4800 signum
1314 4716 1460 4782 ostendit.
1477 4713 1597 4787 Quibus
