3942 5592
546 631 638 705 Quem
652 631 695 692 lis
710 638 787 697 terve
799 635 905 697 bouum
917 655 983 698 cum
996 644 1062 702 risu
1075 647 1180 718 miror,
1193 648 1221 703 ct
1234 642 1312 702 idem
1409 671 1417 690 ·

551 720 700 803 Iulianos,
716 728 893 806 quandoque
906 731 998 793 bouus
1010 731 1149 794 demutet
1162 737 1318 798 Hesperus.

547 817 651 878 Verum
662 824 746 896 operi
759 821 848 898 leupo
860 821 914 899 sas
928 830 970 886 est
984 823 1121 903 obrepere
1134 844 1278 888 somuum.

547 906 721 990 ulpicum,
731 920 844 992 poesis.-
858 921 915 980 erit
928 935 1019 996 quoe,
1033 921 1061 979 si
1069 923 1197 997 propius
1211 926 1286 998 stes,

547 999 586 1059 Tc
600 1005 699 1080 capiat
712 1011 818 1085 mopis3
834 1012 861 1069 ct
872 1011 1029 1087 quaem
1040 1007 1069 1068 si
1081 1007 1199 1088 loupius
1212 1010 1317 1074 costes:

435 1094 439 1098 '
545 1088 626 1151 Haec
637 1101 718 1156 auat
732 1097 895 1173 olscucum3
909 1101 986 1163 colet
998 1100 1071 1164 laec
1083 1102 1138 1162 suo
1152 1100 1217 1163 lucc
1229 1102 1336 1179 videti,

542 1186 657 1250 Iudicis
670 1198 806 1273 arputum
820 1211 897 1269 puae
909 1215 969 1258 uon
981 1196 1127 1275 penulas
1140 1215 1272 1260 aumas
1325 1260 1328 1264 .

545 1280 625 1345 Haec
635 1285 754 1363 placuit
766 1292 867 1372 semel,
881 1294 952 1356 lusco
966 1297 1060 1361 decies
1075 1301 1198 1375 repetito
1206 1295 1349 1374 placebit.

551 1380 680 1440 Omaior
693 1385 849 1444 iuuenum!
863 1393 998 1464 qumvis
1011 1393 1039 1449 et
1053 1405 1122 1449 ooce
1127 1394 1257 1466 patema

546 1471 684 1550 Fiuperis
696 1477 739 1536 od
751 1482 872 1554 rectum,
886 1484 977 1558 elpes
990 1485 1017 1540 tc
1031 1486 1125 1559 sepis,
1139 1480 1195 1542 loc
1208 1479 1260 1542 coa·
1273 1481 1385 1541 dictum

552 1562 631 1623 Tolle
645 1580 753 1627 mucor
767 1588 777 1626 .·
790 1574 876 1633 cerlis
889 1573 1016 1632 cladium
1029 1577 1056 1633 et
1068 1572 1217 1634 tolerabile
1231 1570 1316 1632 rebus
1429 1646 1432 1651 ¹

547 1657 631 1722 Recte
645 1665 775 1726 coucccli.
794 1667 950 1728 consultus
962 1673 1036 1729 iuris
1049 1673 1077 1728 ct
1090 1674 1171 1730 octor

547 1751 726 1813 Caussarum
739 1757 894 1819 mediocris
906 1757 986 1818 abest
1000 1762 1117 1821 oi'stude
1129 1761 1230 1825 uiscus·

540 1841 694 1926 Messaloe3
708 1853 834 1925 acescit,
851 1854 995 1927 questum
1007 1851 1168 1913 Cascellius
1178 1852 1293 1913 Aulus:

548 1941 608 2002 Secl
619 1946 715 2006 tomen
729 1952 760 2006 iu
768 1949 867 2022 pretio
880 1950 931 2006 est.
949 1948 1145 2010 Mediocribus
1158 1969 1218 2012 esse
1224 1952 1333 2027 poclis,

550 2034 619 2096 Nou
632 2033 775 2114 homiues,
789 2055 847 2098 uou
863 2039 906 2102 cli,
922 2053 981 2097 uou
993 2054 1157 2101 concessere
1170 2039 1329 2099 columnae.

547 2126 582 2187 lli
594 2133 696 2208 protos
711 2135 786 2192 iuter
798 2146 912 2191 ueusas
926 2129 1105 2208 symphonia
1118 2131 1241 2207 discors,

543 2219 581 2281 Et
595 2236 723 2282 crassum
737 2222 924 2296 uupueutum.
939 2223 966 2280 et
980 2219 1081 2281 Sardo
1094 2238 1159 2280 cum
1171 2220 1257 2282 usello
1264 2234 1401 2298 papaver

542 2313 710 2394 Offucduu,
719 2313 837 2387 polesot
851 2312 920 2372 eluci
932 2318 1003 2388 quio
1015 2329 1105 2373 coeua
1117 2315 1179 2374 siue
1191 2315 1256 2374 istis
1263 2333 1277 2384 ,.·

538 2410 599 2487 Sic,
613 2413 721 2471 cumis
735 2414 836 2469 uatum
851 2413 1054 2487 inventumque
1062 2425 1170 2486 poema
1182 2408 1333 2482 luceatis,

543 2504 578 2565 St
584 2501 726 2579 paullum
739 2521 848 2567 ummo
863 2508 997 2577 decessit,
1012 2507 1105 2582 vesuli
1120 2505 1162 2564 acl
1174 2507 1275 2585 imum,

533 2593 647 2660 Ludere
660 2605 712 2678 qui
723 2603 827 2678 nescit,
841 2599 1054 2676 campestribus
1067 2598 1191 2661 alsliuel
1205 2603 1307 2668 armis·

539 2695 733 2774 Indoctusauc
742 2697 828 2775 pilae
841 2695 952 2759 discive
965 2693 1097 2758 troclioc
1111 2701 1245 2774 quiescit,

538 2793 584 2853 Ne
597 2797 708 2870 spissae
723 2797 815 2855 risum
828 2791 933 2853 tollant
947 2797 1062 2868 iupuue
1076 2809 1210 2853 cuouoe.

541 2885 599 2960 (lui
611 2893 713 2961 uescit,
727 2905 828 2951 uersus
842 2891 939 2948 iomeu
952 2889 1039 2948 auclet
1050 2885 1163 2966 fiupere
1175 2888 1185 2945 l
1204 2884 1341 2959 Quium?

535 2983 634 3062 Liber,
647 2988 675 3046 ct
687 2989 842 3063 iupeuuus,
853 2987 1030 3061 praesertim
1043 3001 1143 3046 cousus
1157 2987 1317 3061 equestrem

538 3076 684 3136 &uuam
696 3089 888 3151 nummorum,
904 3077 1035 3149 vitioque
1049 3077 1176 3134 rosolus
1190 3073 1227 3133 ab
1240 3076 1336 3134 unul!

542 3172 585 3232 Tu
597 3168 675 3232 uilil
688 3173 783 3232 tuella
796 3175 878 3233 dices
893 3167 1022 3244 loclesse
1035 3164 1189 3231 scioessa.-

538 3259 578 3320 Id
591 3261 645 3319 illu·
654 3258 793 3321 iudicium
807 3263 860 3332 cst,
876 3277 911 3319 eo
924 3274 1014 3322 meus.
1032 3257 1069 3318 ss·
1080 3261 1155 3334 quil
1167 3264 1262 3322 tomen
1276 3259 1346 3322 olim

540 3351 712 3427 Scripseris,
725 3352 759 3408 iu
772 3348 856 3409 Melit
867 3351 1025 3411 clesccudat
1038 3351 1148 3412 iudicis
1162 3368 1259 3428 aures,
1301 3423 1303 3425 .

536 3445 574 3507 El
583 3453 694 3526 patris,
709 3450 737 3509 el
749 3450 879 3517 nostroe
894 3461 1057 3523 nouumque
1065 3452 1218 3524 prematur
1231 3456 1264 3510 iu
1275 3467 1398 3529 anuum,

536 3544 712 3607 Monoecus
725 3548 804 3604 tutus
812 3545 932 3620 positis.
950 3541 1053 3603 Dolore
1069 3543 1168 3606 licebit

496 3619 499 3631 ’
538 3636 623 3712 Quod
636 3652 695 3696 nou
708 3622 857 3697 edideris:
871 3638 964 3692 uescit
977 3649 1040 3692 cose
1052 3639 1144 3697 misso
1158 3644 1272 3701 reuerti.

536 3757 540 3764 <
576 3730 730 3792 silvestres
744 3725 873 3789 hommes
888 3743 969 3787 sacer
980 3729 1180 3807 interpresque
1193 3733 1311 3793 deorum

427 3855 493 3909 361.
507 3852 542 3908 Si
554 3852 678 3924 propius
686 3853 747 3904 'stes
760 3875 773 3889 ·
789 3849 827 3904 Te
841 3849 944 3922 captat
957 3847 1063 3920 scopis)
1078 3850 1122 3905 Sic
1136 3865 1232 3919 poema
1245 3859 1321 3907 notae
1335 3853 1432 3909 tenuis.

419 3945 482 3999 363.
498 3944 539 3998 Et
551 3938 707 4013 quaedum,
721 3942 748 3996 si
761 3937 875 4013 loupius
888 3938 992 4011 obstes)
1007 3939 1051 3996 Sic
1065 3956 1161 4011 poema
1174 3948 1252 3999 notae
1265 3943 1384 4016 grandis.

411 4031 474 4086 354.
491 4025 650 4099 Arpsctum)
664 4025 763 4099 Solus,
780 4025 853 4098 quod
866 4031 894 4082 et
906 4023 985 4082 facile
999 4031 1028 4082 et
1040 4025 1093 4081 cito
1107 4025 1229 4083 advertit.
1452 4078 1456 4087 .

412 4114 474 4170 377.
491 4110 641 4184 Isceoudis)
656 4110 835 4185 Delectandis‚
851 4117 881 4168 ut
895 4112 968 4186 iuuat
982 4119 1125 4183 spectare:
1141 4111 1241 4168 ibello
1254 4119 1318 4171 star
1330 4132 1352 4172 o
1363 4115 1473 4174 vedere.

409 4205 472 4258 388.
487 4204 661 4272 Nouiumque
671 4205 828 4273 prematur
841 4202 872 4255 io
884 4201 1006 4270 ouuusnl
1021 4200 1098 4267 Quod
1112 4200 1237 4270 superius
1252 4202 1327 4276 djxit,
1342 4205 1436 4263 decies
1450 4210 1583 4281 castiqu-

381 4293 418 4345 cit
430 4287 472 4345 od
483 4303 620 4362 capum.

798 4365 843 4411 ΙΙο
856 4363 991 4425 poeticis
1003 4363 1164 4412 laudibus.

418 4480 485 4533 331.
501 4472 653 4532 Silvestres
666 4476 806 4548 homiues)
822 4474 984 4531 Gravissima
996 4473 1117 4528 omnium
1139 4480 1166 4529 ct
1179 4477 1295 4533 maximo
1308 4482 1426 4552 poetices
1439 4479 1510 4551 laus,
1525 4485 1599 4554 quod

377 4579 408 4623 es
421 4564 568 4621 humanam
581 4566 737 4623 societatem
752 4564 890 4623 fundavit:
908 4579 972 4622 cum
987 4577 1081 4620 omnes
1095 4564 1216 4636 gentium
1230 4568 1322 4640 populi
1336 4570 1370 4627 ab
1384 4570 1473 4642 aliquo
1490 4570 1540 4628 dco
1553 4559 1594 4628 vel

371 4654 451 4712 heroe
466 4671 532 4713 suus
545 4657 660 4730 origines
674 4665 806 4730 repetant.

436 4749 516 4821 Vsco,
538 4754 676 4824 opuscolo.
1438 4760 1452 4810 7
