<?xml version="1.0" encoding="UTF-8"?>
<!DOCTYPE html PUBLIC "-//W3C//DTD XHTML 1.0 Transitional//EN"
    "http://www.w3.org/TR/xhtml1/DTD/xhtml1-transitional.dtd">
<html xmlns="http://www.w3.org/1999/xhtml" xml:lang="en" lang="en">
 <head>
  <title>
</title>
<meta http-equiv="Content-Type" content="text/html;charset=utf-8" />
  <meta name='ocr-system' content='tesseract 3.04.00' />
  <meta name='ocr-capabilities' content='ocr_page ocr_carea ocr_par ocr_line ocrx_word'/>
</head>
<body>
  <div class='ocr_page' id='page_1' title='image "./operedigiambatt01ferrgoog_0188.png"; bbox 0 0 3942 5592; ppageno 0'>
   <div class='ocr_carea' id='block_1_1' title="bbox 344 489 1673 677">
    <p class='ocr_par' dir='ltr' id='par_1_1' title="bbox 344 489 1673 677">
     <span class='ocr_line' id='line_1_1' title="bbox 344 489 1673 677; baseline -0.002 -22"><span class='ocrx_word' id='word_1_1' title='bbox 344 614 423 675; x_wconf 78' lang='lat' dir='ltr'><strong><em>puae</em></strong></span> <span class='ocrx_word' id='word_1_2' title='bbox 437 548 543 673; x_wconf 79' lang='lat' dir='ltr'><strong><em>copiae</em></strong></span> <span class='ocrx_word' id='word_1_3' title='bbox 557 592 594 653; x_wconf 89' lang='lat' dir='ltr'><strong><em>ab</em></strong></span> <span class='ocrx_word' id='word_1_4' title='bbox 613 591 769 653; x_wconf 76' lang='lat' dir='ltr'><strong><em>Germania</em></strong></span> <span class='ocrx_word' id='word_1_5' title='bbox 783 592 814 646; x_wconf 88' lang='lat' dir='ltr'><strong><em>in</em></strong></span> <span class='ocrx_word' id='word_1_6' title='bbox 825 584 948 646; x_wconf 88' lang='lat' dir='ltr'><strong><em>Italiam</em></strong></span> <span class='ocrx_word' id='word_1_7' title='bbox 958 591 1123 664; x_wconf 83' lang='lat' dir='ltr'><strong><em>erumpant,</em></strong></span> <span class='ocrx_word' id='word_1_8' title='bbox 1135 591 1332 668; x_wconf 70' lang='lat' dir='ltr'><strong><em>expectantes,</em></strong></span> <span class='ocrx_word' id='word_1_9' title='bbox 1342 591 1431 653; x_wconf 89' lang='lat' dir='ltr'><strong><em>dubie</em></strong></span> <span class='ocrx_word' id='word_1_10' title='bbox 1445 489 1562 652; x_wconf 70' lang='lat' dir='ltr'><strong><em>elbba-</em></strong></span> <span class='ocrx_word' id='word_1_11' title='bbox 1669 669 1673 677; x_wconf 21' lang='grc' dir='ltr'><strong>Α</strong></span> 
     </span>
    </p>
   </div>
   <div class='ocr_carea' id='block_1_2' title="bbox 336 677 1564 3458">
    <p class='ocr_par' dir='ltr' id='par_1_2' title="bbox 337 677 1564 2997">
     <span class='ocr_line' id='line_1_2' title="bbox 344 677 1562 764; baseline -0.002 -16"><span class='ocrx_word' id='word_1_12' title='bbox 344 694 392 749; x_wconf 83' lang='grc' dir='ltr'><strong>η’.·</strong></span> <span class='ocrx_word' id='word_1_13' title='bbox 407 686 581 747; x_wconf 86' lang='lat' dir='ltr'><strong><em>Snbaudiae</em></strong></span> <span class='ocrx_word' id='word_1_14' title='bbox 596 688 691 744; x_wconf 91' lang='lat' dir='ltr'><strong><em>autem</em></strong></span> <span class='ocrx_word' id='word_1_15' title='bbox 710 683 789 755; x_wconf 76' lang='lat' dir='ltr'><strong><em>dna,</em></strong></span> <span class='ocrx_word' id='word_1_16' title='bbox 804 678 919 738; x_wconf 87' lang='lat' dir='ltr'><strong><em>Mariae</em></strong></span> <span class='ocrx_word' id='word_1_17' title='bbox 932 677 1105 740; x_wconf 74' lang='lat' dir='ltr'><strong><em>ludovicac</em></strong></span> <span class='ocrx_word' id='word_1_18' title='bbox 1114 680 1197 758; x_wconf 83' lang='lat' dir='ltr'><strong><em>filiae</em></strong></span> <span class='ocrx_word' id='word_1_19' title='bbox 1212 697 1277 740; x_wconf 90' lang='lat' dir='ltr'><strong><em>cnm</em></strong></span> <span class='ocrx_word' id='word_1_20' title='bbox 1292 684 1435 764; x_wconf 86' lang='lat' dir='ltr'><strong><em>Ptritippo</em></strong></span> <span class='ocrx_word' id='word_1_21' title='bbox 1448 689 1562 762; x_wconf 83' lang='lat' dir='ltr'><strong><em>urrptiis</em></strong></span> 
     </span>
     <span class='ocr_line' id='line_1_3' title="bbox 343 770 1562 857; baseline -0.001 -18"><span class='ocrx_word' id='word_1_22' title='bbox 343 780 476 855; x_wconf 75' lang='lat' dir='ltr'><strong><em>sitatis,</em></strong></span> <span class='ocrx_word' id='word_1_23' title='bbox 489 776 601 855; x_wconf 87' lang='lat' dir='ltr'><strong><em>foedus</em></strong></span> <span class='ocrx_word' id='word_1_24' title='bbox 615 792 678 834; x_wconf 82' lang='lat' dir='ltr'><strong><em>mrrn</em></strong></span> <span class='ocrx_word' id='word_1_25' title='bbox 693 771 777 834; x_wconf 85' lang='lat' dir='ltr'><strong><em>Gallo</em></strong></span> <span class='ocrx_word' id='word_1_26' title='bbox 791 778 819 833; x_wconf 86' lang='lat' dir='ltr'><strong><em>et</em></strong></span> <span class='ocrx_word' id='word_1_27' title='bbox 834 770 966 846; x_wconf 89' lang='lat' dir='ltr'><strong><em>Hispano</em></strong></span> <span class='ocrx_word' id='word_1_28' title='bbox 974 773 1104 847; x_wconf 88' lang='lat' dir='ltr'><strong><em>pereutit</em></strong></span> <span class='ocrx_word' id='word_1_29' title='bbox 1110 795 1123 844; x_wconf 87' lang='grc'><strong><em>,·</em></strong></span> <span class='ocrx_word' id='word_1_30' title='bbox 1140 771 1315 836; x_wconf 72' lang='lat' dir='ltr'><strong><em>Lusitaniae</em></strong></span> <span class='ocrx_word' id='word_1_31' title='bbox 1329 797 1385 837; x_wconf 84' lang='lat' dir='ltr'><strong><em>rea</em></strong></span> <span class='ocrx_word' id='word_1_32' title='bbox 1396 795 1494 857; x_wconf 80' lang='lat' dir='ltr'><strong><em>prave,</em></strong></span> <span class='ocrx_word' id='word_1_33' title='bbox 1503 797 1562 856; x_wconf 85' lang='lat' dir='ltr'><strong><em>quo</em></strong></span> 
     </span>
     <span class='ocr_line' id='line_1_4' title="bbox 345 863 1564 951; baseline -0.005 -15"><span class='ocrx_word' id='word_1_34' title='bbox 345 890 407 936; x_wconf 74' lang='lat' dir='ltr'><strong><em>rein</em></strong></span> <span class='ocrx_word' id='word_1_35' title='bbox 420 872 571 951; x_wconf 89' lang='lat' dir='ltr'><strong><em>impellat,</em></strong></span> <span class='ocrx_word' id='word_1_36' title='bbox 580 872 754 931; x_wconf 75' lang='lat' dir='ltr'><strong><em>inaurentum</em></strong></span> <span class='ocrx_word' id='word_1_37' title='bbox 768 868 873 927; x_wconf 87' lang='lat' dir='ltr'><strong><em>arduis</em></strong></span> <span class='ocrx_word' id='word_1_38' title='bbox 888 863 1000 943; x_wconf 79' lang='lat' dir='ltr'><strong><em>lapibus</em></strong></span> <span class='ocrx_word' id='word_1_39' title='bbox 1015 866 1116 925; x_wconf 88' lang='lat' dir='ltr'><strong><em>trabit.</em></strong></span> <span class='ocrx_word' id='word_1_40' title='bbox 1136 867 1265 930; x_wconf 87' lang='lat' dir='ltr'><strong><em>Clemens</em></strong></span> <span class='ocrx_word' id='word_1_41' title='bbox 1278 886 1346 929; x_wconf 89' lang='lat' dir='ltr'><strong><em>vero</em></strong></span> <span class='ocrx_word' id='word_1_42' title='bbox 1360 869 1405 928; x_wconf 81' lang='lat' dir='ltr'><strong><em>XI</em></strong></span> <span class='ocrx_word' id='word_1_43' title='bbox 1419 874 1496 930; x_wconf 90' lang='lat' dir='ltr'><strong><em>inter</em></strong></span> <span class='ocrx_word' id='word_1_44' title='bbox 1509 871 1564 930; x_wconf 90' lang='lat' dir='ltr'><strong><em>du·</em></strong></span> 
     </span>
     <span class='ocr_line' id='line_1_5' title="bbox 344 960 1560 1046; baseline -0.005 -14"><span class='ocrx_word' id='word_1_45' title='bbox 344 972 426 1032; x_wconf 65' lang='lat' dir='ltr'><strong><em>Maru</em></strong></span> <span class='ocrx_word' id='word_1_46' title='bbox 447 969 586 1046; x_wconf 88' lang='lat' dir='ltr'><strong><em>Pbilippi</em></strong></span> <span class='ocrx_word' id='word_1_47' title='bbox 606 967 815 1030; x_wconf 79' lang='lat' dir='ltr'><strong><em>successionem</em></strong></span> <span class='ocrx_word' id='word_1_48' title='bbox 841 977 972 1021; x_wconf 89' lang='lat' dir='ltr'><strong><em>summus</em></strong></span> <span class='ocrx_word' id='word_1_49' title='bbox 986 960 1129 1036; x_wconf 75' lang='lat' dir='ltr'><strong><em>Pontifex</em></strong></span> <span class='ocrx_word' id='word_1_50' title='bbox 1144 969 1271 1040; x_wconf 87' lang='lat' dir='ltr'><strong><em>creatus,</em></strong></span> <span class='ocrx_word' id='word_1_51' title='bbox 1287 970 1381 1026; x_wconf 86' lang='lat' dir='ltr'><strong><em>aetate</em></strong></span> <span class='ocrx_word' id='word_1_52' title='bbox 1403 969 1504 1044; x_wconf 76' lang='lat' dir='ltr'><strong><em>viperis</em></strong></span> <span class='ocrx_word' id='word_1_53' title='bbox 1523 986 1560 1027; x_wconf 94' lang='lat' dir='ltr'><strong><em>ac</em></strong></span> 
     </span>
     <span class='ocr_line' id='line_1_6' title="bbox 344 1053 1560 1136; baseline 0.001 -19"><span class='ocrx_word' id='word_1_54' title='bbox 344 1069 451 1136; x_wconf 72' lang='lat' dir='ltr'><strong><em>mv,</em></strong></span> <span class='ocrx_word' id='word_1_55' title='bbox 465 1064 618 1136; x_wconf 75' lang='lat' dir='ltr'><strong><em>mapispue</em></strong></span> <span class='ocrx_word' id='word_1_56' title='bbox 633 1057 799 1130; x_wconf 82' lang='lat' dir='ltr'><strong><em>Principem</em></strong></span> <span class='ocrx_word' id='word_1_57' title='bbox 813 1070 905 1131; x_wconf 81' lang='lat' dir='ltr'><strong><em>quarn-</em></strong></span> <span class='ocrx_word' id='word_1_58' title='bbox 917 1053 1063 1112; x_wconf 87' lang='lat' dir='ltr'><strong><em>bominem</em></strong></span> <span class='ocrx_word' id='word_1_59' title='bbox 1076 1070 1194 1132; x_wconf 88' lang='lat' dir='ltr'><strong><em>curans,</em></strong></span> <span class='ocrx_word' id='word_1_60' title='bbox 1211 1055 1315 1117; x_wconf 89' lang='lat' dir='ltr'><strong><em>bellum</em></strong></span> <span class='ocrx_word' id='word_1_61' title='bbox 1333 1074 1410 1134; x_wconf 87' lang='lat' dir='ltr'><strong><em>pace</em></strong></span> <span class='ocrx_word' id='word_1_62' title='bbox 1419 1075 1560 1134; x_wconf 85' lang='lat' dir='ltr'><strong><em>praever-</em></strong></span> 
     </span>
     <span class='ocr_line' id='line_1_7' title="bbox 343 1146 1560 1227; baseline -0.005 -8"><span class='ocrx_word' id='word_1_63' title='bbox 343 1171 411 1219; x_wconf 77' lang='lat' dir='ltr'><strong><em>sum</em></strong></span> <span class='ocrx_word' id='word_1_64' title='bbox 429 1155 548 1216; x_wconf 84' lang='lat' dir='ltr'><strong><em>videtur·</em></strong></span> <span class='ocrx_word' id='word_1_65' title='bbox 559 1150 643 1211; x_wconf 88' lang='lat' dir='ltr'><strong><em>velle.</em></strong></span> <span class='ocrx_word' id='word_1_66' title='bbox 667 1149 725 1211; x_wconf 85' lang='lat' dir='ltr'><strong><em>Sed</em></strong></span> <span class='ocrx_word' id='word_1_67' title='bbox 738 1164 804 1206; x_wconf 86' lang='lat' dir='ltr'><strong><em>euru</em></strong></span> <span class='ocrx_word' id='word_1_68' title='bbox 823 1147 985 1208; x_wconf 89' lang='lat' dir='ltr'><strong><em>individua</em></strong></span> <span class='ocrx_word' id='word_1_69' title='bbox 999 1146 1191 1209; x_wconf 68' lang='lat' dir='ltr'><strong><em>successionis</em></strong></span> <span class='ocrx_word' id='word_1_70' title='bbox 1219 1166 1324 1210; x_wconf 85' lang='lat' dir='ltr'><strong><em>caussa</em></strong></span> <span class='ocrx_word' id='word_1_71' title='bbox 1338 1151 1488 1227; x_wconf 80' lang='lat' dir='ltr'><strong><em>captivari</em></strong></span> <span class='ocrx_word' id='word_1_72' title='bbox 1501 1169 1560 1213; x_wconf 86' lang='lat' dir='ltr'><strong><em>non</em></strong></span> 
     </span>
     <span class='ocr_line' id='line_1_8' title="bbox 339 1237 1560 1323; baseline -0.002 -18"><span class='ocrx_word' id='word_1_73' title='bbox 339 1250 471 1323; x_wconf 73' lang='lat' dir='ltr'><strong><em>partitur.</em></strong></span> <span class='ocrx_word' id='word_1_74' title='bbox 489 1241 586 1321; x_wconf 83' lang='lat' dir='ltr'><strong><em>Ipitur</em></strong></span> <span class='ocrx_word' id='word_1_75' title='bbox 600 1239 770 1299; x_wconf 78' lang='lat' dir='ltr'><strong><em>ludovicus</em></strong></span> <span class='ocrx_word' id='word_1_76' title='bbox 782 1253 842 1295; x_wconf 90' lang='lat' dir='ltr'><strong><em>uua</em></strong></span> <span class='ocrx_word' id='word_1_77' title='bbox 862 1240 944 1295; x_wconf 87' lang='lat' dir='ltr'><strong><em>nocte</em></strong></span> <span class='ocrx_word' id='word_1_78' title='bbox 959 1237 1111 1298; x_wconf 88' lang='lat' dir='ltr'><strong><em>Batavicis</em></strong></span> <span class='ocrx_word' id='word_1_79' title='bbox 1125 1243 1250 1317; x_wconf 83' lang='lat' dir='ltr'><strong><em>emissis,</em></strong></span> <span class='ocrx_word' id='word_1_80' title='bbox 1267 1239 1386 1300; x_wconf 86' lang='lat' dir='ltr'><strong><em>Gallica</em></strong></span> <span class='ocrx_word' id='word_1_81' title='bbox 1403 1243 1560 1318; x_wconf 79' lang='lat' dir='ltr'><strong><em>praesidia</em></strong></span> 
     </span>
     <span class='ocr_line' id='line_1_9' title="bbox 337 1324 1560 1411; baseline 0.002 -21"><span class='ocrx_word' id='word_1_82' title='bbox 337 1334 508 1411; x_wconf 80' lang='lat' dir='ltr'><strong><em>perBelpii</em></strong></span> <span class='ocrx_word' id='word_1_83' title='bbox 522 1331 632 1410; x_wconf 86' lang='lat' dir='ltr'><strong><em>oppida</em></strong></span> <span class='ocrx_word' id='word_1_84' title='bbox 643 1329 777 1404; x_wconf 86' lang='lat' dir='ltr'><strong><em>disponit</em></strong></span> <span class='ocrx_word' id='word_1_85' title='bbox 783 1345 795 1396; x_wconf 90' lang='lat'><strong><em>,·</em></strong></span> <span class='ocrx_word' id='word_1_86' title='bbox 811 1325 963 1385; x_wconf 83' lang='lat' dir='ltr'><strong><em>Mantuam</em></strong></span> <span class='ocrx_word' id='word_1_87' title='bbox 970 1324 1173 1400; x_wconf 83' lang='lat' dir='ltr'><strong><em>firmissimum</em></strong></span> <span class='ocrx_word' id='word_1_88' title='bbox 1186 1328 1223 1387; x_wconf 93' lang='lat' dir='ltr'><strong><em>ab</em></strong></span> <span class='ocrx_word' id='word_1_89' title='bbox 1238 1328 1442 1406; x_wconf 81' lang='lat' dir='ltr'><strong><em>Transalpinis</em></strong></span> <span class='ocrx_word' id='word_1_90' title='bbox 1454 1330 1560 1397; x_wconf 89' lang='lat' dir='ltr'><strong><em>ltaliae</em></strong></span> 
     </span>
     <span class='ocr_line' id='line_1_10' title="bbox 343 1419 1563 1502; baseline 0.001 -15"><span class='ocrx_word' id='word_1_91' title='bbox 343 1431 567 1502; x_wconf 78' lang='lat' dir='ltr'><strong><em>meusimentum,</em></strong></span> <span class='ocrx_word' id='word_1_92' title='bbox 578 1421 732 1501; x_wconf 88' lang='lat' dir='ltr'><strong><em>praesidio</em></strong></span> <span class='ocrx_word' id='word_1_93' title='bbox 757 1423 823 1481; x_wconf 90' lang='lat' dir='ltr'><strong><em>ante</em></strong></span> <span class='ocrx_word' id='word_1_94' title='bbox 838 1423 917 1497; x_wconf 89' lang='lat' dir='ltr'><strong><em>capit</em></strong></span> <span class='ocrx_word' id='word_1_95' title='bbox 924 1440 937 1489; x_wconf 77' lang='lat'><strong><em>,-</em></strong></span> <span class='ocrx_word' id='word_1_96' title='bbox 953 1419 994 1479; x_wconf 92' lang='lat' dir='ltr'><strong><em>ad</em></strong></span> <span class='ocrx_word' id='word_1_97' title='bbox 1007 1423 1177 1500; x_wconf 89' lang='lat' dir='ltr'><strong><em>Bataviam,</em></strong></span> <span class='ocrx_word' id='word_1_98' title='bbox 1196 1424 1338 1501; x_wconf 84' lang='lat' dir='ltr'><strong><em>Itbeuum,</em></strong></span> <span class='ocrx_word' id='word_1_99' title='bbox 1354 1445 1389 1486; x_wconf 88' lang='lat' dir='ltr'><strong><em>nc</em></strong></span> <span class='ocrx_word' id='word_1_100' title='bbox 1416 1426 1563 1488; x_wconf 85' lang='lat' dir='ltr'><strong><em>Mediolo-</em></strong></span> 
     </span>
     <span class='ocr_line' id='line_1_11' title="bbox 341 1517 1562 1601; baseline -0.002 -18"><span class='ocrx_word' id='word_1_101' title='bbox 341 1542 414 1585; x_wconf 84' lang='lat' dir='ltr'><strong><em>uum</em></strong></span> <span class='ocrx_word' id='word_1_102' title='bbox 430 1528 535 1601; x_wconf 88' lang='lat' dir='ltr'><strong><em>copias</em></strong></span> <span class='ocrx_word' id='word_1_103' title='bbox 550 1525 689 1580; x_wconf 80' lang='lat' dir='ltr'><strong><em>irrruritlit.</em></strong></span> <span class='ocrx_word' id='word_1_104' title='bbox 705 1519 799 1594; x_wconf 82' lang='lat' dir='ltr'><strong><em>Atque</em></strong></span> <span class='ocrx_word' id='word_1_105' title='bbox 813 1519 856 1575; x_wconf 87' lang='lat' dir='ltr'><strong><em>ita</em></strong></span> <span class='ocrx_word' id='word_1_106' title='bbox 870 1517 941 1576; x_wconf 90' lang='lat' dir='ltr'><strong><em>dum</em></strong></span> <span class='ocrx_word' id='word_1_107' title='bbox 954 1520 1083 1593; x_wconf 88' lang='lat' dir='ltr'><strong><em>impense</em></strong></span> <span class='ocrx_word' id='word_1_108' title='bbox 1097 1519 1134 1579; x_wconf 93' lang='lat' dir='ltr'><strong><em>de</em></strong></span> <span class='ocrx_word' id='word_1_109' title='bbox 1142 1537 1219 1598; x_wconf 91' lang='lat' dir='ltr'><strong><em>pace</em></strong></span> <span class='ocrx_word' id='word_1_110' title='bbox 1234 1526 1339 1599; x_wconf 80' lang='lat' dir='ltr'><strong><em>apitot,</em></strong></span> <span class='ocrx_word' id='word_1_111' title='bbox 1350 1523 1424 1582; x_wconf 91' lang='lat' dir='ltr'><strong><em>bella</em></strong></span> <span class='ocrx_word' id='word_1_112' title='bbox 1439 1521 1562 1599; x_wconf 82' lang='lat' dir='ltr'><strong><em>capedi-</em></strong></span> 
     </span>
     <span class='ocr_line' id='line_1_12' title="bbox 343 1606 1558 1692; baseline -0.003 -14"><span class='ocrx_word' id='word_1_113' title='bbox 343 1624 406 1678; x_wconf 84' lang='lat' dir='ltr'><strong><em>tur.</em></strong></span> <span class='ocrx_word' id='word_1_114' title='bbox 426 1615 484 1678; x_wconf 84' lang='lat' dir='ltr'><strong><em>Per</em></strong></span> <span class='ocrx_word' id='word_1_115' title='bbox 496 1616 532 1675; x_wconf 89' lang='lat' dir='ltr'><strong><em>id</em></strong></span> <span class='ocrx_word' id='word_1_116' title='bbox 545 1620 655 1692; x_wconf 85' lang='lat' dir='ltr'><strong><em>tempus</em></strong></span> <span class='ocrx_word' id='word_1_117' title='bbox 663 1613 785 1690; x_wconf 88' lang='lat' dir='ltr'><strong><em>jamdiu</em></strong></span> <span class='ocrx_word' id='word_1_118' title='bbox 798 1606 957 1685; x_wconf 86' lang='lat' dir='ltr'><strong><em>Pbilippus</em></strong></span> <span class='ocrx_word' id='word_1_119' title='bbox 970 1610 1123 1671; x_wconf 85' lang='lat' dir='ltr'><strong><em>Matritum</em></strong></span> <span class='ocrx_word' id='word_1_120' title='bbox 1137 1629 1290 1689; x_wconf 81' lang='lat' dir='ltr'><strong><em>rapueram</em></strong></span> <span class='ocrx_word' id='word_1_121' title='bbox 1310 1617 1407 1675; x_wconf 88' lang='lat' dir='ltr'><strong><em>sedern</em></strong></span> <span class='ocrx_word' id='word_1_122' title='bbox 1416 1632 1558 1691; x_wconf 88' lang='lat' dir='ltr'><strong><em>pervene-</em></strong></span> 
     </span>
     <span class='ocr_line' id='line_1_13' title="bbox 343 1706 1557 1792; baseline 0.002 -21"><span class='ocrx_word' id='word_1_123' title='bbox 343 1717 412 1784; x_wconf 71' lang='grc' dir='ltr'><strong><em>ναί,-</em></strong></span> <span class='ocrx_word' id='word_1_124' title='bbox 427 1717 520 1789; x_wconf 83' lang='lat' dir='ltr'><strong><em>atque</em></strong></span> <span class='ocrx_word' id='word_1_125' title='bbox 543 1711 586 1771; x_wconf 88' lang='lat' dir='ltr'><strong><em>r&#39;bi</em></strong></span> <span class='ocrx_word' id='word_1_126' title='bbox 603 1706 804 1770; x_wconf 78' lang='lat' dir='ltr'><strong><em>assonarcbiam</em></strong></span> <span class='ocrx_word' id='word_1_127' title='bbox 812 1711 910 1784; x_wconf 80' lang='lat' dir='ltr'><strong><em>juata</em></strong></span> <span class='ocrx_word' id='word_1_128' title='bbox 933 1723 969 1763; x_wconf 90' lang='lat' dir='ltr'><strong><em>uc</em></strong></span> <span class='ocrx_word' id='word_1_129' title='bbox 982 1712 1100 1767; x_wconf 89' lang='lat' dir='ltr'><strong><em>vastum</em></strong></span> <span class='ocrx_word' id='word_1_130' title='bbox 1122 1727 1228 1786; x_wconf 84' lang='lat' dir='ltr'><strong><em>corpus</em></strong></span> <span class='ocrx_word' id='word_1_131' title='bbox 1252 1711 1383 1792; x_wconf 78' lang='lat' dir='ltr'><strong><em>offendit,</em></strong></span> <span class='ocrx_word' id='word_1_132' title='bbox 1402 1729 1457 1788; x_wconf 85' lang='lat' dir='ltr'><strong><em>per</em></strong></span> <span class='ocrx_word' id='word_1_133' title='bbox 1469 1714 1557 1787; x_wconf 82' lang='lat' dir='ltr'><strong><em>eujus</em></strong></span> 
     </span>
     <span class='ocr_line' id='line_1_14' title="bbox 342 1803 1562 1887; baseline -0.001 -21"><span class='ocrx_word' id='word_1_134' title='bbox 342 1807 485 1881; x_wconf 75' lang='lat' dir='ltr'><strong><em>mambra,</em></strong></span> <span class='ocrx_word' id='word_1_135' title='bbox 502 1812 584 1869; x_wconf 88' lang='lat' dir='ltr'><strong><em>tenui</em></strong></span> <span class='ocrx_word' id='word_1_136' title='bbox 603 1809 712 1884; x_wconf 89' lang='lat' dir='ltr'><strong><em>spiritu</em></strong></span> <span class='ocrx_word' id='word_1_137' title='bbox 731 1803 888 1880; x_wconf 86' lang='lat' dir='ltr'><strong><em>dissipato,</em></strong></span> <span class='ocrx_word' id='word_1_138' title='bbox 902 1806 1006 1879; x_wconf 90' lang='lat' dir='ltr'><strong><em>stupor</em></strong></span> <span class='ocrx_word' id='word_1_139' title='bbox 1029 1821 1132 1865; x_wconf 85' lang='lat' dir='ltr'><strong><em>nervos</em></strong></span> <span class='ocrx_word' id='word_1_140' title='bbox 1145 1811 1172 1867; x_wconf 92' lang='lat' dir='ltr'><strong><em>et</em></strong></span> <span class='ocrx_word' id='word_1_141' title='bbox 1185 1812 1268 1868; x_wconf 89' lang='lat' dir='ltr'><strong><em>artus</em></strong></span> <span class='ocrx_word' id='word_1_142' title='bbox 1283 1806 1400 1887; x_wconf 84' lang='lat' dir='ltr'><strong><em>babeat,</em></strong></span> <span class='ocrx_word' id='word_1_143' title='bbox 1414 1807 1562 1885; x_wconf 72' lang='lat' dir='ltr'><strong><em>extemplo</em></strong></span> 
     </span>
     <span class='ocr_line' id='line_1_15' title="bbox 343 1897 1564 1981; baseline 0 -20"><span class='ocrx_word' id='word_1_144' title='bbox 343 1902 388 1961; x_wconf 82' lang='lat' dir='ltr'><strong><em>ast</em></strong></span> <span class='ocrx_word' id='word_1_145' title='bbox 400 1901 609 1979; x_wconf 87' lang='lat' dir='ltr'><strong><em>rempublicam</em></strong></span> <span class='ocrx_word' id='word_1_146' title='bbox 623 1897 823 1961; x_wconf 85' lang='lat' dir='ltr'><strong><em>ordinandam</em></strong></span> <span class='ocrx_word' id='word_1_147' title='bbox 836 1897 1003 1973; x_wconf 82' lang='lat' dir='ltr'><strong><em>applicavit</em></strong></span> <span class='ocrx_word' id='word_1_148' title='bbox 1009 1919 1022 1968; x_wconf 88' lang='lat'><strong><em>‚·</em></strong></span> <span class='ocrx_word' id='word_1_149' title='bbox 1037 1902 1213 1975; x_wconf 75' lang='lat' dir='ltr'><strong><em>commercari</em></strong></span> <span class='ocrx_word' id='word_1_150' title='bbox 1235 1920 1296 1961; x_wconf 92' lang='lat' dir='ltr'><strong><em>rem</em></strong></span> <span class='ocrx_word' id='word_1_151' title='bbox 1311 1902 1427 1981; x_wconf 77' lang='lat' dir='ltr'><strong><em>Alopsii</em></strong></span> <span class='ocrx_word' id='word_1_152' title='bbox 1447 1902 1564 1964; x_wconf 80' lang='lat' dir='ltr'><strong><em>Ermum-</em></strong></span> 
     </span>
     <span class='ocr_line' id='line_1_16' title="bbox 341 1987 1558 2068; baseline 0.002 -18"><span class='ocrx_word' id='word_1_153' title='bbox 341 1989 442 2052; x_wconf 84' lang='lat' dir='ltr'><strong><em>nuclis</em></strong></span> <span class='ocrx_word' id='word_1_154' title='bbox 456 1990 670 2052; x_wconf 72' lang='lat' dir='ltr'><strong><em>lbrtocarrerii</em></strong></span> <span class='ocrx_word' id='word_1_155' title='bbox 686 1987 855 2051; x_wconf 87' lang='lat' dir='ltr'><strong><em>Cardinalis</em></strong></span> <span class='ocrx_word' id='word_1_156' title='bbox 870 1990 1055 2062; x_wconf 88' lang='lat' dir='ltr'><strong><em>auctoritate,</em></strong></span> <span class='ocrx_word' id='word_1_157' title='bbox 1070 1993 1096 2048; x_wconf 91' lang='lat' dir='ltr'><strong><em>el</em></strong></span> <span class='ocrx_word' id='word_1_158' title='bbox 1110 1989 1289 2054; x_wconf 71' lang='lat' dir='ltr'><strong><em>Maronianus</em></strong></span> <span class='ocrx_word' id='word_1_159' title='bbox 1303 1994 1487 2068; x_wconf 90' lang='lat' dir='ltr'><strong><em>Harcourtii,</em></strong></span> <span class='ocrx_word' id='word_1_160' title='bbox 1505 1995 1558 2054; x_wconf 79' lang='lat' dir='ltr'><strong><em>tie-</em></strong></span> 
     </span>
     <span class='ocr_line' id='line_1_17' title="bbox 342 2077 1562 2164; baseline 0.001 -22"><span class='ocrx_word' id='word_1_161' title='bbox 342 2092 392 2164; x_wconf 76' lang='lat' dir='ltr'><strong><em>qis</em></strong></span> <span class='ocrx_word' id='word_1_162' title='bbox 408 2085 575 2145; x_wconf 83' lang='lat' dir='ltr'><strong><em>Galliarum</em></strong></span> <span class='ocrx_word' id='word_1_163' title='bbox 587 2085 628 2143; x_wconf 87' lang='lat' dir='ltr'><strong><em>ud</em></strong></span> <span class='ocrx_word' id='word_1_164' title='bbox 641 2099 671 2144; x_wconf 91' lang='lat' dir='ltr'><strong><em>se</em></strong></span> <span class='ocrx_word' id='word_1_165' title='bbox 681 2080 799 2156; x_wconf 82' lang='lat' dir='ltr'><strong><em>Lepati,</em></strong></span> <span class='ocrx_word' id='word_1_166' title='bbox 813 2077 937 2138; x_wconf 86' lang='lat' dir='ltr'><strong><em>consilio</em></strong></span> <span class='ocrx_word' id='word_1_167' title='bbox 950 2082 982 2138; x_wconf 89' lang='lat' dir='ltr'><strong><em>in</em></strong></span> <span class='ocrx_word' id='word_1_168' title='bbox 990 2085 1095 2155; x_wconf 85' lang='lat' dir='ltr'><strong><em>priuu&#39;s</em></strong></span> <span class='ocrx_word' id='word_1_169' title='bbox 1109 2085 1209 2139; x_wconf 87' lang='lat' dir='ltr'><strong><em>utitur.</em></strong></span> <span class='ocrx_word' id='word_1_170' title='bbox 1221 2082 1259 2144; x_wconf 87' lang='lat' dir='ltr'><strong><em>Et</em></strong></span> <span class='ocrx_word' id='word_1_171' title='bbox 1267 2088 1429 2159; x_wconf 89' lang='lat' dir='ltr'><strong><em>principio,</em></strong></span> <span class='ocrx_word' id='word_1_172' title='bbox 1444 2089 1476 2142; x_wconf 91' lang='lat' dir='ltr'><strong><em>ul</em></strong></span> <span class='ocrx_word' id='word_1_173' title='bbox 1490 2083 1562 2143; x_wconf 90' lang='lat' dir='ltr'><strong><em>sub-</em></strong></span> 
     </span>
     <span class='ocr_line' id='line_1_18' title="bbox 342 2173 1562 2254; baseline -0.005 -13"><span class='ocrx_word' id='word_1_174' title='bbox 342 2178 424 2241; x_wconf 86' lang='lat' dir='ltr'><strong><em>sidia</em></strong></span> <span class='ocrx_word' id='word_1_175' title='bbox 446 2181 625 2238; x_wconf 69' lang='lat' dir='ltr'><strong><em>imminentis</em></strong></span> <span class='ocrx_word' id='word_1_176' title='bbox 651 2175 718 2236; x_wconf 89' lang='lat' dir='ltr'><strong><em>belli</em></strong></span> <span class='ocrx_word' id='word_1_177' title='bbox 735 2178 874 2251; x_wconf 87' lang='lat' dir='ltr'><strong><em>pararet,</em></strong></span> <span class='ocrx_word' id='word_1_178' title='bbox 888 2191 941 2233; x_wconf 92' lang='lat' dir='ltr'><strong><em>nec</em></strong></span> <span class='ocrx_word' id='word_1_179' title='bbox 961 2173 1084 2252; x_wconf 89' lang='lat' dir='ltr'><strong><em>populis</em></strong></span> <span class='ocrx_word' id='word_1_180' title='bbox 1104 2193 1214 2236; x_wconf 88' lang='lat' dir='ltr'><strong><em>ornnem</em></strong></span> <span class='ocrx_word' id='word_1_181' title='bbox 1238 2181 1396 2253; x_wconf 87' lang='lat' dir='ltr'><strong><em>pecuniam</em></strong></span> <span class='ocrx_word' id='word_1_182' title='bbox 1419 2182 1562 2254; x_wconf 89' lang='lat' dir='ltr'><strong><em>imperari</em></strong></span> 
     </span>
     <span class='ocr_line' id='line_1_19' title="bbox 342 2263 1561 2346; baseline -0.002 -17"><span class='ocrx_word' id='word_1_183' title='bbox 342 2272 505 2346; x_wconf 79' lang='lat' dir='ltr'><strong><em>oporteret,</em></strong></span> <span class='ocrx_word' id='word_1_184' title='bbox 518 2270 679 2329; x_wconf 86' lang='lat' dir='ltr'><strong><em>innumeris</em></strong></span> <span class='ocrx_word' id='word_1_185' title='bbox 693 2263 779 2325; x_wconf 90' lang='lat' dir='ltr'><strong><em>aulae</em></strong></span> <span class='ocrx_word' id='word_1_186' title='bbox 799 2268 983 2342; x_wconf 87' lang='lat' dir='ltr'><strong><em>ruinisteriis,</em></strong></span> <span class='ocrx_word' id='word_1_187' title='bbox 994 2270 1027 2325; x_wconf 91' lang='lat' dir='ltr'><strong><em>in</em></strong></span> <span class='ocrx_word' id='word_1_188' title='bbox 1040 2265 1145 2341; x_wconf 78' lang='lat' dir='ltr'><strong><em>picibus</em></strong></span> <span class='ocrx_word' id='word_1_189' title='bbox 1159 2273 1262 2343; x_wconf 76' lang='lat' dir='ltr'><strong><em>inpius</em></strong></span> <span class='ocrx_word' id='word_1_190' title='bbox 1275 2273 1320 2328; x_wconf 87' lang='lat' dir='ltr'><strong><em>vis</em></strong></span> <span class='ocrx_word' id='word_1_191' title='bbox 1335 2271 1450 2346; x_wconf 79' lang='lat' dir='ltr'><strong><em>arpenti</em></strong></span> <span class='ocrx_word' id='word_1_192' title='bbox 1462 2286 1561 2330; x_wconf 85' lang='lat' dir='ltr'><strong><em>versa·</em></strong></span> 
     </span>
     <span class='ocr_line' id='line_1_20' title="bbox 343 2354 1560 2440; baseline -0.001 -21"><span class='ocrx_word' id='word_1_193' title='bbox 343 2361 441 2437; x_wconf 72' lang='lat' dir='ltr'><strong><em>batia,</em></strong></span> <span class='ocrx_word' id='word_1_194' title='bbox 456 2367 557 2440; x_wconf 61' lang='lat' dir='ltr'><strong><em>miae</em></strong></span> <span class='ocrx_word' id='word_1_195' title='bbox 577 2357 730 2436; x_wconf 88' lang='lat' dir='ltr'><strong><em>facultatis</em></strong></span> <span class='ocrx_word' id='word_1_196' title='bbox 743 2354 861 2416; x_wconf 90' lang='lat' dir='ltr'><strong><em>modum</em></strong></span> <span class='ocrx_word' id='word_1_197' title='bbox 883 2362 1041 2435; x_wconf 71' lang='lat' dir='ltr'><strong><em>imposuit:</em></strong></span> <span class='ocrx_word' id='word_1_198' title='bbox 1063 2360 1185 2419; x_wconf 83' lang='lat' dir='ltr'><strong><em>rnilitiac</em></strong></span> <span class='ocrx_word' id='word_1_199' title='bbox 1208 2380 1248 2421; x_wconf 78' lang='lat' dir='ltr'><strong><em>cv</em></strong></span> <span class='ocrx_word' id='word_1_200' title='bbox 1263 2364 1447 2423; x_wconf 89' lang='lat' dir='ltr'><strong><em>decessorum</em></strong></span> <span class='ocrx_word' id='word_1_201' title='bbox 1458 2375 1560 2438; x_wconf 84' lang='lat' dir='ltr'><strong><em>rapum</em></strong></span> 
     </span>
     <span class='ocr_line' id='line_1_21' title="bbox 342 2452 1560 2528; baseline -0.002 -16"><span class='ocrx_word' id='word_1_202' title='bbox 342 2452 521 2512; x_wconf 82' lang='lat' dir='ltr'><strong><em>liberalitate</em></strong></span> <span class='ocrx_word' id='word_1_203' title='bbox 535 2466 697 2523; x_wconf 86' lang='lat' dir='ltr'><strong><em>concessas,</em></strong></span> <span class='ocrx_word' id='word_1_204' title='bbox 707 2464 783 2524; x_wconf 82' lang='lat' dir='ltr'><strong><em>quae</em></strong></span> <span class='ocrx_word' id='word_1_205' title='bbox 795 2452 856 2526; x_wconf 78' lang='lat' dir='ltr'><strong><em>rapi</em></strong></span> <span class='ocrx_word' id='word_1_206' title='bbox 859 2465 906 2507; x_wconf 89' lang='lat' dir='ltr'><strong><em>uru</em></strong></span> <span class='ocrx_word' id='word_1_207' title='bbox 917 2452 1069 2509; x_wconf 88' lang='lat' dir='ltr'><strong><em>aerarium</em></strong></span> <span class='ocrx_word' id='word_1_208' title='bbox 1081 2454 1114 2508; x_wconf 87' lang='lat' dir='ltr'><strong><em>iu</em></strong></span> <span class='ocrx_word' id='word_1_209' title='bbox 1124 2455 1295 2513; x_wconf 80' lang='lat' dir='ltr'><strong><em>innuensum</em></strong></span> <span class='ocrx_word' id='word_1_210' title='bbox 1309 2455 1495 2528; x_wconf 81' lang='lat' dir='ltr'><strong><em>attriverant,</em></strong></span> <span class='ocrx_word' id='word_1_211' title='bbox 1503 2468 1560 2528; x_wconf 88' lang='lat' dir='ltr'><strong><em>per</em></strong></span> 
     </span>
     <span class='ocr_line' id='line_1_22' title="bbox 342 2543 1562 2625; baseline -0.001 -18"><span class='ocrx_word' id='word_1_212' title='bbox 342 2565 452 2609; x_wconf 83' lang='lat' dir='ltr'><strong><em>aunum</em></strong></span> <span class='ocrx_word' id='word_1_213' title='bbox 465 2547 544 2608; x_wconf 89' lang='lat' dir='ltr'><strong><em>solvi</em></strong></span> <span class='ocrx_word' id='word_1_214' title='bbox 557 2546 728 2609; x_wconf 75' lang='lat' dir='ltr'><strong><em>dimidietas</em></strong></span> <span class='ocrx_word' id='word_1_215' title='bbox 742 2543 851 2603; x_wconf 76' lang='lat' dir='ltr'><strong><em>edicit.</em></strong></span> <span class='ocrx_word' id='word_1_216' title='bbox 867 2543 979 2605; x_wconf 88' lang='lat' dir='ltr'><strong><em>Deinde</em></strong></span> <span class='ocrx_word' id='word_1_217' title='bbox 993 2563 1051 2623; x_wconf 79' lang='lat' dir='ltr'><strong><em>qva</em></strong></span> <span class='ocrx_word' id='word_1_218' title='bbox 1070 2552 1192 2623; x_wconf 82' lang='lat' dir='ltr'><strong><em>aequior</em></strong></span> <span class='ocrx_word' id='word_1_219' title='bbox 1211 2552 1283 2609; x_wconf 90' lang='lat' dir='ltr'><strong><em>esset</em></strong></span> <span class='ocrx_word' id='word_1_220' title='bbox 1292 2552 1479 2625; x_wconf 88' lang='lat' dir='ltr'><strong><em>privatorum</em></strong></span> <span class='ocrx_word' id='word_1_221' title='bbox 1494 2564 1562 2607; x_wconf 90' lang='lat' dir='ltr'><strong><em>con·</em></strong></span> 
     </span>
     <span class='ocr_line' id='line_1_23' title="bbox 343 2637 1562 2718; baseline -0.001 -19"><span class='ocrx_word' id='word_1_222' title='bbox 343 2641 432 2715; x_wconf 86' lang='lat' dir='ltr'><strong><em>ditio,</em></strong></span> <span class='ocrx_word' id='word_1_223' title='bbox 447 2638 613 2716; x_wconf 76' lang='lat' dir='ltr'><strong><em>correpturos</em></strong></span> <span class='ocrx_word' id='word_1_224' title='bbox 637 2640 828 2716; x_wconf 74' lang='lat' dir='ltr'><strong><em>mapistratus</em></strong></span> <span class='ocrx_word' id='word_1_225' title='bbox 847 2652 936 2712; x_wconf 89' lang='lat' dir='ltr'><strong><em>super</em></strong></span> <span class='ocrx_word' id='word_1_226' title='bbox 949 2653 1101 2699; x_wconf 87' lang='lat' dir='ltr'><strong><em>numerum</em></strong></span> <span class='ocrx_word' id='word_1_227' title='bbox 1114 2639 1228 2718; x_wconf 79' lang='lat' dir='ltr'><strong><em>redepit</em></strong></span> <span class='ocrx_word' id='word_1_228' title='bbox 1242 2645 1275 2700; x_wconf 93' lang='lat' dir='ltr'><strong><em>in</em></strong></span> <span class='ocrx_word' id='word_1_229' title='bbox 1297 2639 1438 2699; x_wconf 78' lang='lat' dir='ltr'><strong><em>ordinem.</em></strong></span> <span class='ocrx_word' id='word_1_230' title='bbox 1457 2637 1518 2701; x_wconf 87' lang='lat' dir='ltr'><strong><em>Sed</em></strong></span> <span class='ocrx_word' id='word_1_231' title='bbox 1533 2643 1562 2698; x_wconf 88' lang='lat' dir='ltr'><strong><em>et</em></strong></span> 
     </span>
     <span class='ocr_line' id='line_1_24' title="bbox 342 2727 1563 2809; baseline -0.002 -17"><span class='ocrx_word' id='word_1_232' title='bbox 342 2748 400 2809; x_wconf 76' lang='lat' dir='ltr'><strong><em>quc</em></strong></span> <span class='ocrx_word' id='word_1_233' title='bbox 414 2733 548 2793; x_wconf 78' lang='lat' dir='ltr'><strong><em>‹tromsos</em></strong></span> <span class='ocrx_word' id='word_1_234' title='bbox 568 2731 833 2806; x_wconf 75' lang='lat' dir='ltr'><strong><em>utriusquepartis</em></strong></span> <span class='ocrx_word' id='word_1_235' title='bbox 848 2732 960 2787; x_wconf 89' lang='lat' dir='ltr'><strong><em>animos</em></strong></span> <span class='ocrx_word' id='word_1_236' title='bbox 975 2734 1092 2789; x_wconf 90' lang='lat' dir='ltr'><strong><em>aeterna</em></strong></span> <span class='ocrx_word' id='word_1_237' title='bbox 1101 2734 1234 2808; x_wconf 79' lang='lat' dir='ltr'><strong><em>junpant</em></strong></span> <span class='ocrx_word' id='word_1_238' title='bbox 1248 2735 1281 2790; x_wconf 88' lang='lat' dir='ltr'><strong><em>iu</em></strong></span> <span class='ocrx_word' id='word_1_239' title='bbox 1293 2727 1429 2804; x_wconf 82' lang='lat' dir='ltr'><strong><em>foedera,</em></strong></span> <span class='ocrx_word' id='word_1_240' title='bbox 1444 2733 1563 2808; x_wconf 85' lang='lat' dir='ltr'><strong><em>copnati</em></strong></span> 
     </span>
     <span class='ocr_line' id='line_1_25' title="bbox 346 2823 1560 2905; baseline 0 -19"><span class='ocrx_word' id='word_1_241' title='bbox 346 2827 437 2905; x_wconf 67' lang='lat' dir='ltr'><strong><em>Rupes</em></strong></span> <span class='ocrx_word' id='word_1_242' title='bbox 449 2831 604 2903; x_wconf 85' lang='lat' dir='ltr'><strong><em>utriusque</em></strong></span> <span class='ocrx_word' id='word_1_243' title='bbox 619 2826 741 2902; x_wconf 89' lang='lat' dir='ltr'><strong><em>Imperii</em></strong></span> <span class='ocrx_word' id='word_1_244' title='bbox 761 2823 965 2899; x_wconf 79' lang='lat' dir='ltr'><strong><em>splendidiora</em></strong></span> <span class='ocrx_word' id='word_1_245' title='bbox 980 2827 1120 2886; x_wconf 90' lang='lat' dir='ltr'><strong><em>ordinum</em></strong></span> <span class='ocrx_word' id='word_1_246' title='bbox 1133 2826 1251 2901; x_wconf 63' lang='lat' dir='ltr'><strong><em>maara,</em></strong></span> <span class='ocrx_word' id='word_1_247' title='bbox 1266 2830 1293 2886; x_wconf 90' lang='lat' dir='ltr'><strong><em>et</em></strong></span> <span class='ocrx_word' id='word_1_248' title='bbox 1307 2831 1353 2885; x_wconf 89' lang='lat' dir='ltr'><strong><em>rei</em></strong></span> <span class='ocrx_word' id='word_1_249' title='bbox 1365 2824 1560 2886; x_wconf 76' lang='lat' dir='ltr'><strong><em>Arisericanae</em></strong></span> 
     </span>
     <span class='ocr_line' id='line_1_26' title="bbox 344 2919 1352 2997; baseline -0.003 -17"><span class='ocrx_word' id='word_1_250' title='bbox 344 2920 510 2997; x_wconf 76' lang='lat' dir='ltr'><strong><em>indiaeque</em></strong></span> <span class='ocrx_word' id='word_1_251' title='bbox 524 2926 692 2980; x_wconf 85' lang='lat' dir='ltr'><strong><em>carrrmercio</em></strong></span> <span class='ocrx_word' id='word_1_252' title='bbox 705 2919 784 2980; x_wconf 92' lang='lat' dir='ltr'><strong><em>ultro</em></strong></span> <span class='ocrx_word' id='word_1_253' title='bbox 798 2923 927 2996; x_wconf 82' lang='lat' dir='ltr'><strong><em>citraque</em></strong></span> <span class='ocrx_word' id='word_1_254' title='bbox 942 2925 1150 2980; x_wconf 88' lang='lat' dir='ltr'><strong><em>communicari</em></strong></span> <span class='ocrx_word' id='word_1_255' title='bbox 1160 2923 1352 2996; x_wconf 85' lang='lat' dir='ltr'><strong><em>imperarunt.</em></strong></span> 
     </span>
    </p>

    <p class='ocr_par' dir='ltr' id='par_1_3' title="bbox 336 3006 1559 3458">
     <span class='ocr_line' id='line_1_27' title="bbox 385 3006 1559 3087; baseline -0.002 -20"><span class='ocrx_word' id='word_1_256' title='bbox 385 3010 421 3067; x_wconf 81' lang='lat' dir='ltr'><strong><em>At</em></strong></span> <span class='ocrx_word' id='word_1_257' title='bbox 433 3015 508 3069; x_wconf 86' lang='lat' dir='ltr'><strong><em>enirn</em></strong></span> <span class='ocrx_word' id='word_1_258' title='bbox 518 3014 598 3070; x_wconf 88' lang='lat' dir='ltr'><strong><em>iuter</em></strong></span> <span class='ocrx_word' id='word_1_259' title='bbox 608 3012 756 3087; x_wconf 82' lang='lat' dir='ltr'><strong><em>ejusmodi</em></strong></span> <span class='ocrx_word' id='word_1_260' title='bbox 766 3026 831 3085; x_wconf 90' lang='lat' dir='ltr'><strong><em>spes</em></strong></span> <span class='ocrx_word' id='word_1_261' title='bbox 846 3006 939 3069; x_wconf 89' lang='lat' dir='ltr'><strong><em>lactas</em></strong></span> <span class='ocrx_word' id='word_1_262' title='bbox 950 3015 1044 3087; x_wconf 81' lang='lat' dir='ltr'><strong><em>rapui,</em></strong></span> <span class='ocrx_word' id='word_1_263' title='bbox 1056 3008 1185 3070; x_wconf 82' lang='lat' dir='ltr'><strong><em>borrrines</em></strong></span> <span class='ocrx_word' id='word_1_264' title='bbox 1196 3010 1302 3085; x_wconf 82' lang='lat' dir='ltr'><strong><em>quibus</em></strong></span> <span class='ocrx_word' id='word_1_265' title='bbox 1312 3015 1338 3068; x_wconf 93' lang='lat' dir='ltr'><strong><em>et</em></strong></span> <span class='ocrx_word' id='word_1_266' title='bbox 1349 3013 1425 3067; x_wconf 85' lang='lat' dir='ltr'><strong><em>stara</em></strong></span> <span class='ocrx_word' id='word_1_267' title='bbox 1435 3011 1463 3067; x_wconf 94' lang='lat' dir='ltr'><strong><em>et</em></strong></span> <span class='ocrx_word' id='word_1_268' title='bbox 1473 3024 1559 3067; x_wconf 87' lang='lat' dir='ltr'><strong><em>ruere</em></strong></span> 
     </span>
     <span class='ocr_line' id='line_1_28' title="bbox 341 3102 1558 3184; baseline -0.002 -22"><span class='ocrx_word' id='word_1_269' title='bbox 341 3105 524 3182; x_wconf 79' lang='lat' dir='ltr'><strong><em>respublicas</em></strong></span> <span class='ocrx_word' id='word_1_270' title='bbox 542 3109 658 3184; x_wconf 88' lang='lat' dir='ltr'><strong><em>justam</em></strong></span> <span class='ocrx_word' id='word_1_271' title='bbox 672 3110 726 3181; x_wconf 88' lang='lat' dir='ltr'><strong><em>est,</em></strong></span> <span class='ocrx_word' id='word_1_272' title='bbox 741 3109 851 3183; x_wconf 81' lang='lat' dir='ltr'><strong><em>iniquis</em></strong></span> <span class='ocrx_word' id='word_1_273' title='bbox 864 3110 972 3167; x_wconf 85' lang='lat' dir='ltr'><strong><em>animis</em></strong></span> <span class='ocrx_word' id='word_1_274' title='bbox 985 3104 1187 3167; x_wconf 76' lang='lat' dir='ltr'><strong><em>solicitudinis</em></strong></span> <span class='ocrx_word' id='word_1_275' title='bbox 1202 3106 1320 3182; x_wconf 83' lang='lat' dir='ltr'><strong><em>lepunt,·</em></strong></span> <span class='ocrx_word' id='word_1_276' title='bbox 1344 3109 1376 3163; x_wconf 92' lang='lat' dir='ltr'><strong><em>in</em></strong></span> <span class='ocrx_word' id='word_1_277' title='bbox 1395 3102 1443 3164; x_wconf 89' lang='lat' dir='ltr'><strong><em>la&#39;s</em></strong></span> <span class='ocrx_word' id='word_1_278' title='bbox 1457 3117 1558 3178; x_wconf 79' lang='lat' dir='ltr'><strong><em>quane-</em></strong></span> 
     </span>
     <span class='ocr_line' id='line_1_29' title="bbox 336 3190 1559 3273; baseline -0.002 -21"><span class='ocrx_word' id='word_1_279' title='bbox 336 3193 468 3272; x_wconf 81' lang='lat' dir='ltr'><strong><em>ptruima&#39;</em></strong></span> <span class='ocrx_word' id='word_1_280' title='bbox 494 3193 674 3273; x_wconf 85' lang='lat' dir='ltr'><strong><em>Cocuobr&#39;tac,</em></strong></span> <span class='ocrx_word' id='word_1_281' title='bbox 690 3201 743 3273; x_wconf 78' lang='lat' dir='ltr'><strong><em>qui</em></strong></span> <span class='ocrx_word' id='word_1_282' title='bbox 766 3201 799 3256; x_wconf 90' lang='lat' dir='ltr'><strong><em>in</em></strong></span> <span class='ocrx_word' id='word_1_283' title='bbox 818 3201 889 3256; x_wconf 89' lang='lat' dir='ltr'><strong><em>urbe</em></strong></span> <span class='ocrx_word' id='word_1_284' title='bbox 909 3193 1143 3272; x_wconf 72' lang='lat' dir='ltr'><strong><em>frequentissimi</em></strong></span> <span class='ocrx_word' id='word_1_285' title='bbox 1160 3194 1261 3271; x_wconf 89' lang='lat' dir='ltr'><strong><em>opibus</em></strong></span> <span class='ocrx_word' id='word_1_286' title='bbox 1276 3190 1412 3266; x_wconf 88' lang='lat' dir='ltr'><strong><em>affluunt.</em></strong></span> <span class='ocrx_word' id='word_1_287' title='bbox 1440 3192 1559 3251; x_wconf 85' lang='lat' dir='ltr'><strong><em>Norant</em></strong></span> 
     </span>
     <span class='ocr_line' id='line_1_30' title="bbox 341 3278 1557 3366; baseline -0.006 -20"><span class='ocrx_word' id='word_1_288' title='bbox 341 3289 421 3346; x_wconf 78' lang='lat' dir='ltr'><strong><em>ertim</em></strong></span> <span class='ocrx_word' id='word_1_289' title='bbox 435 3283 605 3362; x_wconf 72' lang='lat' dir='ltr'><strong><em>Philippum</em></strong></span> <span class='ocrx_word' id='word_1_290' title='bbox 615 3291 699 3362; x_wconf 84' lang='lat' dir='ltr'><strong><em>repul</em></strong></span> <span class='ocrx_word' id='word_1_291' title='bbox 713 3286 823 3347; x_wconf 84' lang='lat' dir='ltr'><strong><em>artibus</em></strong></span> <span class='ocrx_word' id='word_1_292' title='bbox 837 3286 874 3345; x_wconf 88' lang='lat' dir='ltr'><strong><em>ab</em></strong></span> <span class='ocrx_word' id='word_1_293' title='bbox 887 3285 1041 3346; x_wconf 89' lang='lat' dir='ltr'><strong><em>Ludovieo</em></strong></span> <span class='ocrx_word' id='word_1_294' title='bbox 1064 3284 1203 3345; x_wconf 88' lang='lat' dir='ltr'><strong><em>imbutum</em></strong></span> <span class='ocrx_word' id='word_1_295' title='bbox 1219 3333 1228 3366; x_wconf 72' lang='lat'><strong><em>,</em></strong></span> <span class='ocrx_word' id='word_1_296' title='bbox 1250 3285 1286 3344; x_wconf 88' lang='lat' dir='ltr'><strong><em>ab</em></strong></span> <span class='ocrx_word' id='word_1_297' title='bbox 1300 3287 1475 3345; x_wconf 86' lang='lat' dir='ltr'><strong><em>Hnrcourtio</em></strong></span> <span class='ocrx_word' id='word_1_298' title='bbox 1489 3278 1557 3342; x_wconf 90' lang='lat' dir='ltr'><strong><em>sub-</em></strong></span> 
     </span>
     <span class='ocr_line' id='line_1_31' title="bbox 339 3378 1558 3458; baseline -0.004 -19"><span class='ocrx_word' id='word_1_299' title='bbox 339 3378 413 3439; x_wconf 81' lang='lat' dir='ltr'><strong><em>inde</em></strong></span> <span class='ocrx_word' id='word_1_300' title='bbox 426 3380 607 3441; x_wconf 85' lang='lat' dir='ltr'><strong><em>adrrsauitnm</em></strong></span> <span class='ocrx_word' id='word_1_301' title='bbox 613 3402 626 3452; x_wconf 86' lang='lat'><strong><em>,·</em></strong></span> <span class='ocrx_word' id='word_1_302' title='bbox 642 3386 667 3440; x_wconf 90' lang='lat' dir='ltr'><strong><em>et</em></strong></span> <span class='ocrx_word' id='word_1_303' title='bbox 691 3386 723 3441; x_wconf 91' lang='lat' dir='ltr'><strong><em>in</em></strong></span> <span class='ocrx_word' id='word_1_304' title='bbox 741 3381 839 3442; x_wconf 86' lang='lat' dir='ltr'><strong><em>Gallia</em></strong></span> <span class='ocrx_word' id='word_1_305' title='bbox 854 3382 1033 3456; x_wconf 83' lang='lat' dir='ltr'><strong><em>Camelitas,</em></strong></span> <span class='ocrx_word' id='word_1_306' title='bbox 1047 3386 1079 3440; x_wconf 89' lang='lat' dir='ltr'><strong><em>iu</em></strong></span> <span class='ocrx_word' id='word_1_307' title='bbox 1093 3383 1210 3444; x_wconf 85' lang='lat' dir='ltr'><strong><em>litteras</em></strong></span> <span class='ocrx_word' id='word_1_308' title='bbox 1229 3397 1353 3458; x_wconf 91' lang='lat' dir='ltr'><strong><em>prorsus</em></strong></span> <span class='ocrx_word' id='word_1_309' title='bbox 1367 3378 1446 3437; x_wconf 89' lang='lat' dir='ltr'><strong><em>alias</em></strong></span> <span class='ocrx_word' id='word_1_310' title='bbox 1459 3379 1558 3436; x_wconf 84' lang='lat' dir='ltr'><strong><em>ruen-</em></strong></span> 
     </span>
    </p>
   </div>
   <div class='ocr_carea' id='block_1_3' title="bbox 341 3470 1672 3556">
    <p class='ocr_par' dir='ltr' id='par_1_4' title="bbox 341 3470 1672 3556">
     <span class='ocr_line' id='line_1_32' title="bbox 341 3470 1672 3556; baseline -0.002 -24"><span class='ocrx_word' id='word_1_311' title='bbox 341 3477 398 3533; x_wconf 80' lang='lat' dir='ltr'><strong><em>tos.</em></strong></span> <span class='ocrx_word' id='word_1_312' title='bbox 417 3470 569 3535; x_wconf 73' lang='lat' dir='ltr'><strong><em>Cardractc</em></strong></span> <span class='ocrx_word' id='word_1_313' title='bbox 589 3494 624 3534; x_wconf 93' lang='lat' dir='ltr'><strong><em>ac</em></strong></span> <span class='ocrx_word' id='word_1_314' title='bbox 639 3479 755 3536; x_wconf 89' lang='lat' dir='ltr'><strong><em>duriter</em></strong></span> <span class='ocrx_word' id='word_1_315' title='bbox 767 3481 860 3536; x_wconf 89' lang='lat' dir='ltr'><strong><em>vitam</em></strong></span> <span class='ocrx_word' id='word_1_316' title='bbox 880 3494 977 3551; x_wconf 80' lang='lat' dir='ltr'><strong><em>apere,</em></strong></span> <span class='ocrx_word' id='word_1_317' title='bbox 991 3477 1108 3538; x_wconf 87' lang='lat' dir='ltr'><strong><em>abunde</em></strong></span> <span class='ocrx_word' id='word_1_318' title='bbox 1122 3475 1228 3537; x_wconf 89' lang='lat' dir='ltr'><strong><em>babere</em></strong></span> <span class='ocrx_word' id='word_1_319' title='bbox 1242 3478 1422 3556; x_wconf 81' lang='lat' dir='ltr'><strong><em>quadratis,</em></strong></span> <span class='ocrx_word' id='word_1_320' title='bbox 1438 3490 1473 3532; x_wconf 90' lang='lat' dir='ltr'><strong><em>ao</em></strong></span> <span class='ocrx_word' id='word_1_321' title='bbox 1487 3475 1559 3530; x_wconf 88' lang='lat' dir='ltr'><strong><em>rem·</em></strong></span> <span class='ocrx_word' id='word_1_322' title='bbox 1670 3526 1672 3530; x_wconf 85' lang='lat'>.</span> 
     </span>
    </p>
   </div>
   <div class='ocr_carea' id='block_1_4' title="bbox 289 3565 1635 4678">
    <p class='ocr_par' dir='ltr' id='par_1_5' title="bbox 289 3565 1635 4678">
     <span class='ocr_line' id='line_1_33' title="bbox 334 3565 1555 3649; baseline -0.002 -23"><span class='ocrx_word' id='word_1_323' title='bbox 334 3565 396 3643; x_wconf 85' lang='lat' dir='ltr'><strong><em>&#39;pla</em></strong></span> <span class='ocrx_word' id='word_1_324' title='bbox 414 3573 518 3631; x_wconf 84' lang='lat' dir='ltr'><strong><em>mentis</em></strong></span> <span class='ocrx_word' id='word_1_325' title='bbox 530 3574 662 3632; x_wconf 87' lang='lat' dir='ltr'><strong><em>castitate</em></strong></span> <span class='ocrx_word' id='word_1_326' title='bbox 675 3576 781 3647; x_wconf 82' lang='lat' dir='ltr'><strong><em>urapis,</em></strong></span> <span class='ocrx_word' id='word_1_327' title='bbox 798 3585 886 3649; x_wconf 76' lang='lat' dir='ltr'><strong><em>quarn</em></strong></span> <span class='ocrx_word' id='word_1_328' title='bbox 906 3576 1075 3647; x_wconf 89' lang='lat' dir='ltr'><strong><em>sumptuoso</em></strong></span> <span class='ocrx_word' id='word_1_329' title='bbox 1089 3578 1166 3633; x_wconf 87' lang='lat' dir='ltr'><strong><em>artis</em></strong></span> <span class='ocrx_word' id='word_1_330' title='bbox 1191 3578 1219 3633; x_wconf 91' lang='lat' dir='ltr'><strong><em>et</em></strong></span> <span class='ocrx_word' id='word_1_331' title='bbox 1232 3578 1302 3633; x_wconf 87' lang='lat' dir='ltr'><strong><em>auri</em></strong></span> <span class='ocrx_word' id='word_1_332' title='bbox 1317 3569 1399 3630; x_wconf 90' lang='lat' dir='ltr'><strong><em>cultu</em></strong></span> <span class='ocrx_word' id='word_1_333' title='bbox 1409 3565 1555 3628; x_wconf 79' lang='lat' dir='ltr'><strong><em>verurari.</em></strong></span> 
     </span>
     <span class='ocr_line' id='line_1_34' title="bbox 342 3653 1561 3743; baseline 0.009 -30"><span class='ocrx_word' id='word_1_334' title='bbox 342 3656 390 3714; x_wconf 80' lang='lat' dir='ltr'><strong><em>An</em></strong></span> <span class='ocrx_word' id='word_1_335' title='bbox 415 3661 506 3733; x_wconf 80' lang='lat' dir='ltr'><strong><em>ipitur</em></strong></span> <span class='ocrx_word' id='word_1_336' title='bbox 527 3663 613 3718; x_wconf 90' lang='lat' dir='ltr'><strong><em>veriti</em></strong></span> <span class='ocrx_word' id='word_1_337' title='bbox 638 3676 674 3720; x_wconf 87' lang='lat' dir='ltr'><strong><em>ue</em></strong></span> <span class='ocrx_word' id='word_1_338' title='bbox 688 3661 853 3737; x_wconf 83' lang='lat' dir='ltr'><strong><em>Hispanico</em></strong></span> <span class='ocrx_word' id='word_1_339' title='bbox 867 3678 956 3737; x_wconf 82' lang='lat' dir='ltr'><strong><em>rapna</em></strong></span> <span class='ocrx_word' id='word_1_340' title='bbox 979 3667 1066 3723; x_wconf 90' lang='lat' dir='ltr'><strong><em>eliam</em></strong></span> <span class='ocrx_word' id='word_1_341' title='bbox 1079 3670 1111 3722; x_wconf 90' lang='lat' dir='ltr'><strong><em>in</em></strong></span> <span class='ocrx_word' id='word_1_342' title='bbox 1123 3663 1316 3743; x_wconf 77' lang='lat' dir='ltr'><strong><em>relipionibus</em></strong></span> <span class='ocrx_word' id='word_1_343' title='bbox 1346 3663 1388 3722; x_wconf 94' lang='lat' dir='ltr'><strong><em>ad</em></strong></span> <span class='ocrx_word' id='word_1_344' title='bbox 1412 3653 1561 3717; x_wconf 80' lang='lat' dir='ltr'><strong><em>Gallicani</em></strong></span> 
     </span>
     <span class='ocr_line' id='line_1_35' title="bbox 340 3751 1562 3832; baseline 0.004 -23"><span class='ocrx_word' id='word_1_345' title='bbox 340 3751 511 3829; x_wconf 69' lang='lat' dir='ltr'><strong><em>exemplum</em></strong></span> <span class='ocrx_word' id='word_1_346' title='bbox 525 3761 779 3832; x_wconf 89' lang='lat' dir='ltr'><strong><em>componerentur‚·</em></strong></span> <span class='ocrx_word' id='word_1_347' title='bbox 790 3775 829 3816; x_wconf 91' lang='lat' dir='ltr'><strong><em>an</em></strong></span> <span class='ocrx_word' id='word_1_348' title='bbox 842 3756 877 3816; x_wconf 91' lang='lat' dir='ltr'><strong><em>ab</em></strong></span> <span class='ocrx_word' id='word_1_349' title='bbox 889 3759 1027 3820; x_wconf 84' lang='lat' dir='ltr'><strong><em>Romanis</em></strong></span> <span class='ocrx_word' id='word_1_350' title='bbox 1044 3759 1215 3821; x_wconf 85' lang='lat' dir='ltr'><strong><em>Proceribus</em></strong></span> <span class='ocrx_word' id='word_1_351' title='bbox 1231 3762 1473 3821; x_wconf 80' lang='lat' dir='ltr'><strong><em>Germanicarum</em></strong></span> <span class='ocrx_word' id='word_1_352' title='bbox 1485 3764 1562 3825; x_wconf 81' lang='lat' dir='ltr'><strong><em>par·-</em></strong></span> 
     </span>
     <span class='ocr_line' id='line_1_36' title="bbox 342 3839 1561 3925; baseline 0 -27"><span class='ocrx_word' id='word_1_353' title='bbox 342 3844 419 3900; x_wconf 85' lang='lat' dir='ltr'><strong><em>tinm</em></strong></span> <span class='ocrx_word' id='word_1_354' title='bbox 434 3847 573 3904; x_wconf 90' lang='lat' dir='ltr'><strong><em>concitati</em></strong></span> <span class='ocrx_word' id='word_1_355' title='bbox 579 3866 592 3915; x_wconf 80' lang='lat'><em>3</em></span> <span class='ocrx_word' id='word_1_356' title='bbox 607 3849 668 3907; x_wconf 91' lang='lat' dir='ltr'><strong><em>sive</em></strong></span> <span class='ocrx_word' id='word_1_357' title='bbox 680 3850 712 3903; x_wconf 90' lang='lat' dir='ltr'><strong><em>ut</em></strong></span> <span class='ocrx_word' id='word_1_358' title='bbox 725 3847 835 3907; x_wconf 78' lang='lat' dir='ltr'><strong><em>Iacobo</em></strong></span> <span class='ocrx_word' id='word_1_359' title='bbox 847 3846 995 3908; x_wconf 87' lang='lat' dir='ltr'><strong><em>Cantelruo</em></strong></span> <span class='ocrx_word' id='word_1_360' title='bbox 1009 3850 1157 3910; x_wconf 89' lang='lat' dir='ltr'><strong><em>cardinali</em></strong></span> <span class='ocrx_word' id='word_1_361' title='bbox 1165 3856 1192 3912; x_wconf 91' lang='lat' dir='ltr'><strong><em>et</em></strong></span> <span class='ocrx_word' id='word_1_362' title='bbox 1203 3851 1467 3925; x_wconf 87' lang='lat' dir='ltr'><strong><em>Neapolitanorum</em></strong></span> <span class='ocrx_word' id='word_1_363' title='bbox 1481 3839 1561 3898; x_wconf 88' lang='lat' dir='ltr'><strong><em>Pon·</em></strong></span> 
     </span>
     <span class='ocr_line' id='line_1_37' title="bbox 341 3933 1560 4023; baseline -0.002 -29"><span class='ocrx_word' id='word_1_364' title='bbox 341 3933 427 4012; x_wconf 69' lang='lat' dir='ltr'><strong><em>lirici,</em></strong></span> <span class='ocrx_word' id='word_1_365' title='bbox 442 3937 607 3999; x_wconf 88' lang='lat' dir='ltr'><strong><em>Barbaniae</em></strong></span> <span class='ocrx_word' id='word_1_366' title='bbox 618 3943 719 4002; x_wconf 91' lang='lat' dir='ltr'><strong><em>domui</em></strong></span> <span class='ocrx_word' id='word_1_367' title='bbox 734 3944 853 4003; x_wconf 89' lang='lat' dir='ltr'><strong><em>addicto</em></strong></span> <span class='ocrx_word' id='word_1_368' title='bbox 862 3948 890 4003; x_wconf 90' lang='lat' dir='ltr'><strong><em>ct</em></strong></span> <span class='ocrx_word' id='word_1_369' title='bbox 904 3948 1001 4021; x_wconf 79' lang='lat' dir='ltr'><strong><em>ripido</em></strong></span> <span class='ocrx_word' id='word_1_370' title='bbox 1016 3947 1194 4023; x_wconf 85' lang='lat' dir='ltr'><strong><em>discipliuae</em></strong></span> <span class='ocrx_word' id='word_1_371' title='bbox 1210 3945 1434 4007; x_wconf 84' lang='lat' dir='ltr'><strong><em>Ecclesiasticae</em></strong></span> <span class='ocrx_word' id='word_1_372' title='bbox 1444 3937 1560 3998; x_wconf 86' lang='lat' dir='ltr'><strong><em>vindici</em></strong></span> 
     </span>
     <span class='ocr_line' id='line_1_38' title="bbox 340 4027 1635 4113; baseline 0.003 -31"><span class='ocrx_word' id='word_1_373' title='bbox 340 4028 601 4102; x_wconf 71' lang='lat' dir='ltr'><strong><em>incommodareuts</em></strong></span> <span class='ocrx_word' id='word_1_374' title='bbox 614 4036 674 4092; x_wconf 89' lang='lat' dir='ltr'><strong><em>sive</em></strong></span> <span class='ocrx_word' id='word_1_375' title='bbox 687 4040 719 4091; x_wconf 90' lang='lat' dir='ltr'><strong><em>ut</em></strong></span> <span class='ocrx_word' id='word_1_376' title='bbox 734 4032 874 4110; x_wconf 82' lang='lat' dir='ltr'><strong><em>Pleilippo</em></strong></span> <span class='ocrx_word' id='word_1_377' title='bbox 891 4033 1027 4112; x_wconf 87' lang='lat' dir='ltr'><strong><em>Casanio,</em></strong></span> <span class='ocrx_word' id='word_1_378' title='bbox 1047 4035 1195 4113; x_wconf 71' lang='lat' dir='ltr'><strong><em>Pontrfcis</em></strong></span> <span class='ocrx_word' id='word_1_379' title='bbox 1211 4038 1336 4097; x_wconf 75' lang='lat' dir='ltr'><strong><em>liauizoni</em></strong></span> <span class='ocrx_word' id='word_1_380' title='bbox 1349 4039 1382 4092; x_wconf 93' lang='lat' dir='ltr'><strong><em>in</em></strong></span> <span class='ocrx_word' id='word_1_381' title='bbox 1398 4047 1489 4109; x_wconf 79' lang='lat' dir='ltr'><strong><em>repno</em></strong></span> <span class='ocrx_word' id='word_1_382' title='bbox 1506 4027 1557 4087; x_wconf 93' lang='lat' dir='ltr'><strong><em>In·</em></strong></span> <span class='ocrx_word' id='word_1_383' title='bbox 1632 4075 1635 4083; x_wconf 92' lang='lat'>.</span> 
     </span>
     <span class='ocr_line' id='line_1_39' title="bbox 341 4121 1560 4213; baseline 0.002 -34"><span class='ocrx_word' id='word_1_384' title='bbox 341 4123 508 4198; x_wconf 82' lang='lat' dir='ltr'><strong><em>temuncr&#39;o,</em></strong></span> <span class='ocrx_word' id='word_1_385' title='bbox 523 4129 577 4201; x_wconf 85' lang='lat' dir='ltr'><strong><em>qui</em></strong></span> <span class='ocrx_word' id='word_1_386' title='bbox 596 4127 707 4187; x_wconf 86' lang='lat' dir='ltr'><strong><em>Gallico</em></strong></span> <span class='ocrx_word' id='word_1_387' title='bbox 720 4132 832 4188; x_wconf 77' lang='lat' dir='ltr'><strong><em>sturnini</em></strong></span> <span class='ocrx_word' id='word_1_388' title='bbox 846 4128 980 4206; x_wconf 85' lang='lat' dir='ltr'><strong><em>infensus</em></strong></span> <span class='ocrx_word' id='word_1_389' title='bbox 995 4136 1072 4209; x_wconf 85' lang='lat' dir='ltr'><strong><em>erat,</em></strong></span> <span class='ocrx_word' id='word_1_390' title='bbox 1096 4150 1202 4194; x_wconf 85' lang='lat' dir='ltr'><strong><em>rnorem</em></strong></span> <span class='ocrx_word' id='word_1_391' title='bbox 1214 4135 1368 4213; x_wconf 77' lang='lat' dir='ltr'><strong><em>perorent5</em></strong></span> <span class='ocrx_word' id='word_1_392' title='bbox 1385 4146 1424 4188; x_wconf 88' lang='lat' dir='ltr'><strong><em>an</em></strong></span> <span class='ocrx_word' id='word_1_393' title='bbox 1437 4126 1472 4185; x_wconf 91' lang='lat' dir='ltr'><strong><em>ob</em></strong></span> <span class='ocrx_word' id='word_1_394' title='bbox 1486 4121 1560 4182; x_wconf 86' lang='lat' dir='ltr'><strong><em>baec</em></strong></span> 
     </span>
     <span class='ocr_line' id='line_1_40' title="bbox 339 4221 1559 4304; baseline 0.002 -29"><span class='ocrx_word' id='word_1_395' title='bbox 339 4221 538 4293; x_wconf 77' lang='lat' dir='ltr'><strong><em>emmaquasi</em></strong></span> <span class='ocrx_word' id='word_1_396' title='bbox 549 4238 609 4282; x_wconf 92' lang='lat' dir='ltr'><strong><em>una</em></strong></span> <span class='ocrx_word' id='word_1_397' title='bbox 620 4229 713 4283; x_wconf 79' lang='lat' dir='ltr'><strong><em>urente</em></strong></span> <span class='ocrx_word' id='word_1_398' title='bbox 728 4231 857 4304; x_wconf 77' lang='lat' dir='ltr'><strong><em>aaaron,</em></strong></span> <span class='ocrx_word' id='word_1_399' title='bbox 864 4230 995 4303; x_wconf 92' lang='lat' dir='ltr'><strong><em>proinde</em></strong></span> <span class='ocrx_word' id='word_1_400' title='bbox 1005 4230 1246 4290; x_wconf 74' lang='lat' dir='ltr'><strong><em>conventionibus</em></strong></span> <span class='ocrx_word' id='word_1_401' title='bbox 1256 4228 1365 4290; x_wconf 89' lang='lat' dir='ltr'><strong><em>studiis</em></strong></span> <span class='ocrx_word' id='word_1_402' title='bbox 1376 4228 1484 4285; x_wconf 88' lang='lat' dir='ltr'><strong><em>civium</em></strong></span> <span class='ocrx_word' id='word_1_403' title='bbox 1493 4225 1559 4279; x_wconf 88' lang='lat' dir='ltr'><strong><em>nni-</em></strong></span> 
     </span>
     <span class='ocr_line' id='line_1_41' title="bbox 338 4312 1556 4397; baseline 0.007 -35"><span class='ocrx_word' id='word_1_404' title='bbox 338 4321 400 4366; x_wconf 84' lang='lat' dir='ltr'><strong><em>mos</em></strong></span> <span class='ocrx_word' id='word_1_405' title='bbox 414 4312 524 4371; x_wconf 69' lang='lat' dir='ltr'><strong><em>mutare</em></strong></span> <span class='ocrx_word' id='word_1_406' title='bbox 539 4318 700 4392; x_wconf 81' lang='lat' dir='ltr'><strong><em>accepi-ant,</em></strong></span> <span class='ocrx_word' id='word_1_407' title='bbox 714 4321 741 4375; x_wconf 91' lang='lat' dir='ltr'><strong><em>et</em></strong></span> <span class='ocrx_word' id='word_1_408' title='bbox 757 4320 801 4374; x_wconf 88' lang='lat' dir='ltr'><strong><em>uti</em></strong></span> <span class='ocrx_word' id='word_1_409' title='bbox 811 4321 932 4394; x_wconf 81' lang='lat' dir='ltr'><strong><em>quisque</em></strong></span> <span class='ocrx_word' id='word_1_410' title='bbox 946 4319 1050 4377; x_wconf 89' lang='lat' dir='ltr'><strong><em>ordine</em></strong></span> <span class='ocrx_word' id='word_1_411' title='bbox 1063 4337 1098 4376; x_wconf 91' lang='lat' dir='ltr'><strong><em>ac</em></strong></span> <span class='ocrx_word' id='word_1_412' title='bbox 1113 4320 1176 4378; x_wconf 92' lang='lat' dir='ltr'><strong><em>loco</em></strong></span> <span class='ocrx_word' id='word_1_413' title='bbox 1190 4326 1264 4397; x_wconf 87' lang='lat' dir='ltr'><strong><em>erat,</em></strong></span> <span class='ocrx_word' id='word_1_414' title='bbox 1280 4325 1322 4379; x_wconf 91' lang='lat' dir='ltr'><strong><em>ita</em></strong></span> <span class='ocrx_word' id='word_1_415' title='bbox 1337 4319 1476 4395; x_wconf 88' lang='lat' dir='ltr'><strong><em>apposita</em></strong></span> <span class='ocrx_word' id='word_1_416' title='bbox 1491 4315 1556 4371; x_wconf 90' lang='lat' dir='ltr'><strong><em>crte</em></strong></span> 
     </span>
     <span class='ocr_line' id='line_1_42' title="bbox 289 4403 1561 4495; baseline 0.007 -38"><span class='ocrx_word' id='word_1_417' title='bbox 289 4452 291 4457; x_wconf 91' lang='lat'><em>.</em></span> <span class='ocrx_word' id='word_1_418' title='bbox 338 4403 474 4478; x_wconf 76' lang='lat' dir='ltr'><strong><em>upprcdi.</em></strong></span> <span class='ocrx_word' id='word_1_419' title='bbox 493 4404 587 4465; x_wconf 80' lang='lat' dir='ltr'><strong><em>lmen</em></strong></span> <span class='ocrx_word' id='word_1_420' title='bbox 600 4409 714 4485; x_wconf 84' lang='lat' dir='ltr'><strong><em>plebem</em></strong></span> <span class='ocrx_word' id='word_1_421' title='bbox 722 4417 898 4488; x_wconf 84' lang='lat' dir='ltr'><strong><em>pertentant,</em></strong></span> <span class='ocrx_word' id='word_1_422' title='bbox 913 4412 996 4489; x_wconf 82' lang='lat' dir='ltr'><strong><em>quod</em></strong></span> <span class='ocrx_word' id='word_1_423' title='bbox 1007 4432 1081 4473; x_wconf 90' lang='lat' dir='ltr'><strong><em>novo</em></strong></span> <span class='ocrx_word' id='word_1_424' title='bbox 1096 4413 1233 4492; x_wconf 83' lang='lat' dir='ltr'><strong><em>Plrilippi</em></strong></span> <span class='ocrx_word' id='word_1_425' title='bbox 1252 4435 1341 4495; x_wconf 78' lang='lat' dir='ltr'><strong><em>capno</em></strong></span> <span class='ocrx_word' id='word_1_426' title='bbox 1356 4412 1452 4475; x_wconf 87' lang='lat' dir='ltr'><strong><em>nibilo</em></strong></span> <span class='ocrx_word' id='word_1_427' title='bbox 1466 4411 1561 4469; x_wconf 90' lang='lat' dir='ltr'><strong><em>vecti·</em></strong></span> 
     </span>
     <span class='ocr_line' id='line_1_43' title="bbox 338 4493 1559 4587; baseline 0.011 -34"><span class='ocrx_word' id='word_1_428' title='bbox 338 4493 425 4571; x_wconf 81' lang='lat' dir='ltr'><strong><em>pulta</em></strong></span> <span class='ocrx_word' id='word_1_429' title='bbox 434 4496 587 4572; x_wconf 75' lang='lat' dir='ltr'><strong><em>relaxata,</em></strong></span> <span class='ocrx_word' id='word_1_430' title='bbox 595 4518 713 4563; x_wconf 89' lang='lat' dir='ltr'><strong><em>annona</em></strong></span> <span class='ocrx_word' id='word_1_431' title='bbox 723 4502 818 4565; x_wconf 88' lang='lat' dir='ltr'><strong><em>uibito</em></strong></span> <span class='ocrx_word' id='word_1_432' title='bbox 830 4504 917 4566; x_wconf 87' lang='lat' dir='ltr'><strong><em>vilior</em></strong></span> <span class='ocrx_word' id='word_1_433' title='bbox 922 4510 1036 4584; x_wconf 87' lang='lat' dir='ltr'><strong><em>prestet</em></strong></span> <span class='ocrx_word' id='word_1_434' title='bbox 1044 4525 1061 4576; x_wconf 87' lang='grc'><strong><em>,··</em></strong></span> <span class='ocrx_word' id='word_1_435' title='bbox 1073 4525 1137 4566; x_wconf 88' lang='lat' dir='ltr'><strong><em>reos</em></strong></span> <span class='ocrx_word' id='word_1_436' title='bbox 1148 4524 1307 4587; x_wconf 80' lang='lat' dir='ltr'><strong><em>corvusque</em></strong></span> <span class='ocrx_word' id='word_1_437' title='bbox 1318 4514 1500 4570; x_wconf 87' lang='lat' dir='ltr'><strong><em>necessarios</em></strong></span> <span class='ocrx_word' id='word_1_438' title='bbox 1511 4512 1559 4567; x_wconf 91' lang='lat' dir='ltr'><strong><em>in-</em></strong></span> 
     </span>
     <span class='ocr_line' id='line_1_44' title="bbox 338 4588 1558 4678; baseline 0.013 -34"><span class='ocrx_word' id='word_1_439' title='bbox 338 4588 546 4661; x_wconf 82' lang='lat' dir='ltr'><strong><em>citant,eorum</em></strong></span> <span class='ocrx_word' id='word_1_440' title='bbox 556 4590 683 4653; x_wconf 89' lang='lat' dir='ltr'><strong><em>dolendo</em></strong></span> <span class='ocrx_word' id='word_1_441' title='bbox 697 4600 775 4656; x_wconf 85' lang='lat' dir='ltr'><strong><em>vices</em></strong></span> <span class='ocrx_word' id='word_1_442' title='bbox 789 4596 871 4671; x_wconf 83' lang='lat' dir='ltr'><strong><em>quod</em></strong></span> <span class='ocrx_word' id='word_1_443' title='bbox 884 4612 993 4655; x_wconf 70' lang='lat' dir='ltr'><strong><em>nosram</em></strong></span> <span class='ocrx_word' id='word_1_444' title='bbox 1007 4599 1110 4677; x_wconf 83' lang='lat' dir='ltr'><strong><em>Repem</em></strong></span> <span class='ocrx_word' id='word_1_445' title='bbox 1121 4617 1265 4678; x_wconf 83' lang='lat' dir='ltr'><strong><em>sevorum,</em></strong></span> <span class='ocrx_word' id='word_1_446' title='bbox 1275 4617 1336 4660; x_wconf 91' lang='lat' dir='ltr'><strong><em>non</em></strong></span> <span class='ocrx_word' id='word_1_447' title='bbox 1350 4619 1423 4659; x_wconf 87' lang='lat' dir='ltr'><strong><em>vcro</em></strong></span> <span class='ocrx_word' id='word_1_448' title='bbox 1435 4600 1558 4660; x_wconf 85' lang='lat' dir='ltr'><strong><em>clemen·</em></strong></span> 
     </span>
    </p>
   </div>
   <div class='ocr_carea' id='block_1_5' title="bbox 335 4685 1566 4775">
    <p class='ocr_par' dir='ltr' id='par_1_6' title="bbox 335 4685 1566 4775">
     <span class='ocr_line' id='line_1_45' title="bbox 335 4685 1566 4775; baseline 0.005 -21"><span class='ocrx_word' id='word_1_449' title='bbox 335 4685 392 4742; x_wconf 70' lang='lat' dir='ltr'><strong><em>mm</em></strong></span> <span class='ocrx_word' id='word_1_450' title='bbox 403 4687 560 4745; x_wconf 83' lang='lat' dir='ltr'><strong><em>senserint.</em></strong></span> <span class='ocrx_word' id='word_1_451' title='bbox 576 4691 720 4754; x_wconf 79' lang='lat' dir='ltr'><strong><em>Erucritos</em></strong></span> <span class='ocrx_word' id='word_1_452' title='bbox 734 4694 886 4755; x_wconf 90' lang='lat' dir='ltr'><strong><em>stimulant</em></strong></span> <span class='ocrx_word' id='word_1_453' title='bbox 901 4713 936 4754; x_wconf 88' lang='lat' dir='ltr'><strong><em>av</em></strong></span> <span class='ocrx_word' id='word_1_454' title='bbox 947 4694 1097 4756; x_wconf 76' lang='lat' dir='ltr'><strong><em>actuarios</em></strong></span> <span class='ocrx_word' id='word_1_455' title='bbox 1112 4697 1245 4759; x_wconf 86' lang='lat' dir='ltr'><strong><em>tristibus</em></strong></span> <span class='ocrx_word' id='word_1_456' title='bbox 1261 4703 1450 4775; x_wconf 84' lang='lat' dir='ltr'><strong><em>conjecturis.</em></strong></span> <span class='ocrx_word' id='word_1_457' title='bbox 1468 4701 1566 4761; x_wconf 36' lang='lat' dir='ltr'><strong><em>Anno,</em></strong></span> 
     </span>
    </p>
   </div>
   <div class='ocr_carea' id='block_1_6' title="bbox 0 0 1976 5592">
    <p class='ocr_par' dir='ltr' id='par_1_7' title="bbox 0 0 1976 5592">
     <span class='ocr_line' id='line_1_46' title="bbox 0 0 1976 5592; baseline 0 2"><span class='ocrx_word' id='word_1_458' title='bbox 0 0 1976 5592; x_wconf 95' lang='lat' dir='ltr'><strong><em> </em></strong></span> 
     </span>
    </p>
   </div>
  </div>
 </body>
</html>
