3942 5592
1541 421 1600 486 ns
1625 494 1628 501 ,

407 519 596 601 imperioque
607 521 850 601 decedaturum',
866 522 1007 587 connubii
1023 521 1122 586 adimo
1152 521 1303 585 tonantes
1321 526 1450 607 taedae,
1465 534 1568 595 aelate
1583 535 1638 597 flo-

407 623 536 696 rentem,
552 621 723 683 Ludovieae
738 623 847 687 itariae
865 643 959 688 nouae
975 628 1086 703 nuptae
1100 622 1348 703 amantissimum,
1365 643 1382 686 a
1397 630 1639 708 praeclarissimo

404 717 542 797 incoepto
555 719 919 802 attineremequirernnt?
932 726 1049 798 Quanta
1065 721 1133 781 istic
1154 723 1247 782 cluret
1269 727 1320 783 lua
1353 725 1542 805 reipublicae
1573 732 1640 793 dill-

401 813 518 891 gentia,
536 813 693 894 Philippe,
709 818 760 895 qui
775 818 861 895 prins
877 826 1114 897 pace‘regnum,
1137 816 1246 876 deindo
1264 819 1368 878 sobole
1391 821 1502 899 regiam
1517 822 1639 889 lundure

401 904 548 992 studeas?
561 912 644 990 quod
657 913 746 973 animi
764 913 792 975 in
802 915 986 990 cupiditales
1000 911 1154 990 imperium
1167 907 1306 973 eminet?
1319 914 1347 973 ld
1359 920 1441 976 certe
1457 919 1580 982 rationis
1591 941 1638 984 re·

399 1021 492 1082 gnum
508 1007 647 1067 homines
661 1006 885 1084 agitarent,nisi
900 1026 966 1071 eam
982 1008 1085 1070 vitium
1102 1007 1314 1068 labefactasset
1328 1009 1505 1086 originis3et
1519 1018 1585 1078 tum
1602 1016 1637 1078 li-

399 1101 480 1165 beris
494 1101 603 1164 darent
616 1120 751 1182 operam,
766 1122 837 1167 cnm
851 1106 892 1165 sil
907 1123 995 1183 opus.
1013 1104 1069 1165 Sed
1084 1121 1182 1183 neque
1199 1104 1227 1166 id
1243 1123 1336 1168 unum
1354 1112 1400 1168 est
1422 1112 1491 1170 tuue
1508 1111 1635 1176 incredi-

405 1196 473 1258 uitis
487 1198 716 1275 temperantiae,
733 1214 830 1274 neque
845 1199 975 1278 primum
987 1198 1171 1274 exemplum.
1186 1198 1258 1257 llum
1269 1198 1402 1273 quotidie
1416 1200 1478 1259 tuis
1489 1202 1633 1265 adsumus

400 1289 547 1371 prandiis,
563 1293 692 1367 tuasque
715 1296 886 1368 speciminis
918 1307 1042 1366 coenas,
1060 1293 1138 1351 unde
1149 1291 1219 1368 quis
1233 1297 1362 1364 enarret,
1376 1310 1466 1368 qnam
1479 1295 1555 1356 bona
1567 1298 1626 1359 vir·

398 1385 475 1446 tutis
491 1384 580 1463 fruge
593 1385 706 1463 expleti
720 1378 920 1447 discedimus?
936 1403 993 1447 non
1008 1386 1086 1447 enim
1109 1387 1194 1462 longa
1220 1387 1397 1446 ferculorum
1420 1405 1541 1467 pompa,
1571 1408 1630 1454 non

396 1482 588 1542 machinasse
602 1480 758 1558 epularum
773 1480 901 1540 struices
916 1480 944 1540 in
959 1480 1114 1541 oculorum
1130 1479 1243 1540 lustum
1267 1484 1431 1558 ornantur,
1451 1501 1510 1546 nnn
1528 1473 1629 1549 ‘tracta

395 1575 574 1653 symphonia
586 1577 738 1652 personal;
763 1589 819 1633 nou
836 1574 1035 1651 parasitorum
1051 1570 1227 1649 scommata,
1253 1589 1310 1634 non
1326 1591 1501 1639 scurrarum
1518 1579 1631 1642 dicaci·

395 1669 474 1727 tutes
487 1683 580 1727 aures
595 1666 726 1741 irritant3
743 1667 795 1727 sad
812 1666 894 1746 regia
906 1667 1043 1728 ciborum
1057 1667 1211 1744 frugalitas
1224 1667 1301 1728 ditat
1314 1685 1443 1746 mensas,
1457 1673 1626 1738 modestum
1686 1749 1688 1751 ¹

393 1760 546 1821 silentium
561 1761 717 1822 exhilarat:
735 1778 829 1838 neque
843 1761 1018 1843 discinctus,
1031 1767 1087 1823 'uui
1101 1763 1234 1825 soleatus
1248 1767 1411 1842 accumbis,
1424 1769 1478 1828 sed
1492 1771 1581 1850 juxta
1592 1790 1628 1835 ac

390 1860 419 1918 in
433 1856 532 1919 aciem
546 1858 761 1922 descensurus.
775 1861 818 1922 'lu
835 1861 886 1921 libi
898 1864 1047 1937 structor,
1064 1865 1098 1921 tn
1112 1860 1174 1921 tihi
1185 1865 1307 1939 carplor
1320 1879 1375 1922 non
1387 1863 1415 1923 io
1426 1868 1555 1929 multam
1567 1870 1626 1930 diei

392 1954 527 2016 noctisue
543 1957 575 2015 te
590 1956 714 2028 invitas,
732 1955 784 2016 sed
799 1974 852 2034 per
864 1957 988 2018 brevissi
995 1974 1076 2018 mum
1091 1958 1236 2035 temporis
1247 1961 1377 2037 spatium
1390 1961 1556 2028 innutriris:
1572 1983 1624 2028 au·

388 2052 433 2114 rei
445 2053 545 2114 seculi
561 2055 683 2133 prandia
698 2051 709 2112 l
723 2072 742 2115 o
755 2057 945 2117 heroicorum
962 2058 1133 2130 temporum
1149 2057 1278 2117 coenael
1294 2055 1445 2130 inquibus
1462 2075 1619 2138 nonquam

388 2151 521 2213 multum
533 2152 695 2229 voluptati,
709 2153 763 2213 sed
776 2168 866 2230 quam
876 2168 979 2229 parum
994 2154 1120 2211 naturae
1132 2150 1206 2210 satis
1218 2149 1270 2225 sit,
1286 2149 1423 2211 satisfiat:
1434 2153 1468 2211 et
1479 2152 1559 2213 inter
1569 2171 1619 2215 re·

387 2249 463 2327 gias,
475 2249 585 2311 nedum
598 2251 690 2312 libera
698 2252 752 2323 les,
765 2267 882 2311 mensas
894 2250 992 2310 victos
1005 2247 1100 2324 magis
1110 2246 1259 2323 capiatur,
1272 2262 1361 2323 qaum
1374 2246 1471 2308 cibus.
1485 2248 1557 2310 Nam
1572 2250 1623 2311 ille

392 2342 501 2406 Bacchi
518 2345 625 2406 modus
640 2362 729 2423 quum
747 2341 965 2407 admirandus?
980 2359 1072 2420 quem
1088 2342 1155 2420 puri
1173 2342 1262 2402 tontis
1278 2341 1393 2418 latices,
1410 2360 1445 2404 ac
1457 2360 1494 2403 ne
1511 2344 1539 2404 hi
1555 2349 1622 2422 qui·

387 2438 455 2498 dem
471 2438 530 2516 ipsi
545 2437 720 2517 refrigerati
735 2437 893 2520 (moribus
912 2437 1028 2515 alioqui
1041 2438 1187 2517 probatae
1207 2433 1354 2516 deliciae)
1377 2439 1508 2515 perdunt
1525 2442 1621 2521 magis

385 2552 476 2613 qaam
491 2537 686 2612 temperanti
701 2537 760 2596 llos
775 2538 845 2610 huc,
863 2554 928 2613 ros,
946 2535 1007 2595 Viri
1022 2535 1191 2610 sapientes,
1207 2551 1328 2595 accerso
1345 2553 1354 2596 τ
1370 2540 1480 2596 suntne
1501 2542 1621 2601 vestrae

384 2645 494 2690 coenae
506 2645 576 2689 cum
592 2629 640 2689 liis
649 2630 742 2708 regiis
751 2632 983 2710 comparandae,
998 2632 1049 2693 uhi
1059 2623 1120 2693 non
1131 2631 1281 2708 argutulis
1292 2631 1453 2692 uerborum
1468 2632 1619 2707 tricis,sed

366 2725 469 2786 miris
481 2741 586 2786 rerum
603 2728 752 2805 exemplis
767 2729 847 2789 vitae
862 2729 1105 2790 moderationem
1131 2729 1357 2806 potentissimus
1384 2729 1534 2807 Regnator
1548 2733 1619 2794 edo·

384 2817 469 2884 aest?
483 2822 522 2881 lit
538 2826 638 2884 lamen
649 2823 722 2901 qnid
738 2824 841 2900 majos
868 2824 973 2900 instat,
989 2824 1073 2902 qnod
1088 2829 1124 2886 te
1136 2824 1171 2884 ad
1187 2841 1323 2886 mensam
1344 2825 1473 2891 exhibet
1491 2828 1618 2889 liumaoa

385 2918 482 2996 specie
496 2920 715 2996 augustiorem,
728 2937 798 2982 cum
809 2921 904 2998 quiad
918 2921 1079 2983 id'eirtutis
1090 2919 1294 2998 spectaculum
1312 2918 1544 2994 frequentissimi
1555 2921 1616 2982 lero

385 3030 503 3093 semper
516 3015 710 3091 conveniunt,
729 3018 770 3078 itu
785 3033 890 3078 eorum
906 3015 1067 3079 oblecteris
1082 3034 1205 3093 corona,
1217 3032 1269 3075 ora
1284 3019 1316 3076 et
1335 3016 1436 3081 uultus
1448 3019 1532 3076 lanta
1544 3032 1618 3079 ocu·

383 3110 479 3173 iorum
493 3111 649 3190 diligentia
665 3118 697 3175 et
711 3115 873 3176 sedulitate
890 3115 1044 3191 intuearis,
1061 3119 1093 3176 et
1108 3115 1137 3175 in
1152 3131 1188 3175 eo
1204 3130 1293 3174 sensu
1311 3113 1341 3173 ni
1351 3111 1376 3172 si
1389 3115 1487 3186 lotus,
1499 3114 1539 3172 ita
1551 3131 1617 3176 cer·
1687 3143 1692 3153 ·

384 3208 414 3266 le
421 3206 574 3286 plurimus
585 3209 760 3286 occuperis,
771 3215 804 3273 ut
816 3211 889 3272 nihil
903 3212 993 3272 animi
1004 3211 1048 3272 tui
1064 3211 1160 3290 possit
1171 3209 1613 3288 superaregustalum.0l’rin-

382 3302 476 3382 cipeto
489 3305 757 3379 modestissimum,
773 3307 823 3382 qui
835 3308 941 3385 epulas
956 3325 1013 3368 non
1025 3307 1273 3385 sumptuositate,
1286 3306 1339 3366 sed
1363 3305 1408 3365 tui
1431 3304 1613 3381 publicitute

382 3403 687 3481 magnificentissimas
701 3404 849 3466 cxlribesl
864 3405 888 3463 O
902 3406 962 3466 uita
974 3406 1086 3466 scilieet
1113 3405 1194 3482 regia
1208 3446 1217 3478 ,
1250 3418 1327 3480 quiae
1339 3405 1367 3462 in
1377 3407 1539 3481 conspeetu
1550 3403 1611 3482 agi-

387 3495 434 3554 lar
447 3498 641 3573 populorum!
655 3499 758 3576 ltaque
771 3504 822 3561 lua
836 3501 934 3561 uictus
946 3500 1141 3578 temperantia
1154 3500 1234 3561 haud
1247 3500 1391 3561 minorem
1408 3496 1610 3577 spectavimus

384 3591 476 3652 warni
493 3592 627 3671 lectique
640 3596 833 3657 modestiam.
850 3596 891 3657 Te
908 3613 1035 3673 namque
1053 3595 1182 3659 vidimus
1197 3595 1319 3677 (lutura
1335 3599 1420 3656 aetas
1443 3596 1533 3658 crede
1547 3613 1610 3657 nar-

382 3689 454 3761 rata,
470 3703 542 3750 nam
558 3689 709 3771 uidimus)
722 3693 926 3754 meridiantem
942 3693 1047 3769 qrriele
1061 3693 1168 3770 magis,
1185 3710 1275 3769 quam
1302 3707 1429 3771 sopore3
1445 3692 1608 3782 cubantem

386 3797 492 3862 sopore
503 3786 611 3866 magis,
624 3805 716 3867 quum
727 3807 831 3852 somno
844 3791 921 3868 capi.
935 3790 1051 3852 Numae
1061 3792 1090 3852 id
1102 3791 1194 3852 ellicit
1203 3790 1370 3850 moderatio
1381 3785 1537 3849 ciliorum?
1550 3787 1608 3850 Sed

385 3891 438 3938 nec
450 3881 570 3940 sentio
587 3880 599 3962 (
612 3900 703 3960 quam
719 3887 787 3946 belli
800 3886 926 3964 elligiem
939 3903 1028 3965 saepe
1041 3886 1119 3947 ludis
1131 3886 1287 3965 proximus
1302 3883 1476 3967 imperator)
1489 3885 1606 3959 labore,

386 3977 436 4034 ant
456 3974 628 4041 lassitudine
652 3997 789 4042 somnum
812 3983 866 4044 tibi
888 3983 1052 4061 quicquum
1080 3986 1250 4061 graviorem
1275 3981 1414 4042 accersit.
1446 3981 1523 4054 Quid
1552 3981 1608 4062 igi·

385 4067 434 4127 lar
443 4071 505 4145 est,
524 4071 582 4130 nisi
598 4072 684 4150 ignea
700 4079 731 4134 et
748 4075 836 4136 rieux
851 4076 897 4136 ris
911 4077 1019 4150 animi,
1032 4077 1088 4137 ocii
1115 4077 1274 4154 impotens,
1291 4080 1322 4135 et
1338 4077 1440 4153 ignaru
1455 4072 1609 4138 desidiae?

378 4158 430 4220 scd
442 4177 479 4222 an
495 4165 600 4225 aulaea
614 4166 757 4230 distincta
774 4171 910 4247 gemmis,
926 4175 1068 4249 pegmata
1082 4171 1110 4232 in
1121 4170 1347 4233 admirationem
1361 4175 1606 4250 extructa,aurea

378 4251 469 4316 latiora
483 4254 513 4317 in
522 4255 634 4320 leones
648 4265 700 4322 ant
714 4264 829 4339 aquilas
843 4265 1209 4344 conformata,pulvinariu
1220 4282 1260 4326 ex
1272 4266 1496 4344 peregrinarum
1506 4266 1606 4328 auium

375 4344 508 4412 iufamia
522 4355 640 4430 pennis,
642 4361 674 4417 et
689 4359 838 4434 quaealia
853 4365 979 4423 naturae
991 4361 1178 4423 infirmitates
1189 4361 1284 4422 iecere
1293 4359 1425 4437 delicias
1431 4361 1610 4424 tibileolum·

354 4440 357 4445 ⁴
375 4442 569 4511 lamentet
580 4453 748 4517 adornant?
763 4456 808 4517 0·
802 4476 830 4519 m
844 4476 961 4522 summa
983 4463 1138 4537 potestate
1161 4476 1264 4520 rerum
1284 4459 1487 4520 admirabilem
1502 4475 1603 4521 rerum

372 4544 505 4609 modam
519 4547 574 4609 Cui
588 4546 758 4619 Peruanum
773 4558 1018 4637 uexlcunamque
1039 4575 1179 4639 regnum
1184 4556 1325 4619 inlinitum
1340 4556 1403 4618 auri
1419 4556 1596 4635 argentique

372 4638 427 4699 tim
442 4640 553 4704 condat
568 4662 603 4706 ac
619 4648 699 4727 leril3
716 4652 764 4714 cui
780 4653 1001 4735 Gangeticus
976 4672 1060 4715 smus
1075 4654 1200 4716 uniones
1214 4669 1248 4712 ac
1263 4667 1396 4730 gemmas
1413 4651 1539 4727 prolecta
1554 4650 1604 4713 cui

372 4731 543 4802 innumerae
557 4760 662 4808 mantas
676 4752 781 4813 artes
773 4771 802 4813 rn
819 4757 866 4814 tol
879 4753 980 4833 reguis
996 4753 1057 4812 late
1071 4751 1179 4813 llorent
1192 4765 1226 4809 ae
1236 4749 1350 4827 vigeol;
1363 4749 1428 4828 ejus
1439 4749 1523 4823 quasi
1534 4766 1600 4809 cue·

373 4827 439 4895 libis
453 4836 596 4946 betulam
611 4844 830 4912 modestissimo
848 4848 933 4910 cultu
948 4853 1077 4912 stratum
1094 4848 1221 4909 vidimus
1235 4844 1411 4909 mirabundi.
1427 4844 1484 4907 Sed
1499 4848 1600 4904 lanne
1646 4860 1648 4863 ·
