<?xml version="1.0" encoding="UTF-8"?>
<!DOCTYPE html PUBLIC "-//W3C//DTD XHTML 1.0 Transitional//EN"
    "http://www.w3.org/TR/xhtml1/DTD/xhtml1-transitional.dtd">
<html xmlns="http://www.w3.org/1999/xhtml" xml:lang="en" lang="en">
 <head>
  <title>
</title>
<meta http-equiv="Content-Type" content="text/html;charset=utf-8" />
  <meta name='ocr-system' content='tesseract 3.04.00' />
  <meta name='ocr-capabilities' content='ocr_page ocr_carea ocr_par ocr_line ocrx_word'/>
</head>
<body>
  <div class='ocr_page' id='page_1' title='image "./operedigiambatt01ferrgoog_0213.png"; bbox 0 0 3942 5592; ppageno 0'>
   <div class='ocr_carea' id='block_1_1' title="bbox 425 570 1652 1322">
    <p class='ocr_par' dir='ltr' id='par_1_1' title="bbox 425 570 1652 1322">
     <span class='ocr_line' id='line_1_1' title="bbox 425 570 1651 666; baseline 0.015 -34"><span class='ocrx_word' id='word_1_1' title='bbox 425 588 537 651; x_wconf 85' lang='lat' dir='ltr'><strong><em>panno</em></strong></span> <span class='ocrx_word' id='word_1_2' title='bbox 549 577 577 634; x_wconf 91' lang='lat' dir='ltr'><strong><em>et</em></strong></span> <span class='ocrx_word' id='word_1_3' title='bbox 589 590 631 632; x_wconf 80' lang='lat' dir='ltr'><strong><em>ee</em></strong></span> <span class='ocrx_word' id='word_1_4' title='bbox 645 577 711 652; x_wconf 87' lang='lat' dir='ltr'><strong><em>ejus</em></strong></span> <span class='ocrx_word' id='word_1_5' title='bbox 724 587 782 636; x_wconf 86' lang='lat' dir='ltr'><strong><em>usu</em></strong></span> <span class='ocrx_word' id='word_1_6' title='bbox 796 570 963 648; x_wconf 75' lang='lat' dir='ltr'><strong><em>cantaret,</em></strong></span> <span class='ocrx_word' id='word_1_7' title='bbox 983 586 1116 648; x_wconf 81' lang='lat' dir='ltr'><strong><em>auroque</em></strong></span> <span class='ocrx_word' id='word_1_8' title='bbox 1136 591 1241 651; x_wconf 80' lang='lat' dir='ltr'><strong><em>preces</em></strong></span> <span class='ocrx_word' id='word_1_9' title='bbox 1261 584 1452 665; x_wconf 71' lang='lat' dir='ltr'><strong><em>insinuante,</em></strong></span> <span class='ocrx_word' id='word_1_10' title='bbox 1476 591 1585 648; x_wconf 76' lang='lat' dir='ltr'><strong><em>misna</em></strong></span> <span class='ocrx_word' id='word_1_11' title='bbox 1598 592 1651 666; x_wconf 77' lang='lat' dir='ltr'><strong><em>aui</em></strong></span> 
     </span>
     <span class='ocr_line' id='line_1_2' title="bbox 440 662 1650 746; baseline 0.016 -25"><span class='ocrx_word' id='word_1_12' title='bbox 440 662 512 725; x_wconf 81' lang='lat' dir='ltr'><strong><em>baec</em></strong></span> <span class='ocrx_word' id='word_1_13' title='bbox 525 681 661 741; x_wconf 87' lang='lat' dir='ltr'><strong><em>supremo</em></strong></span> <span class='ocrx_word' id='word_1_14' title='bbox 680 669 746 743; x_wconf 82' lang='lat' dir='ltr'><strong><em>ejus</em></strong></span> <span class='ocrx_word' id='word_1_15' title='bbox 759 672 826 726; x_wconf 89' lang='lat' dir='ltr'><strong><em>vota</em></strong></span> <span class='ocrx_word' id='word_1_16' title='bbox 849 665 1045 723; x_wconf 81' lang='lat' dir='ltr'><strong><em>rcnmrciaret.</em></strong></span> <span class='ocrx_word' id='word_1_17' title='bbox 1071 662 1131 726; x_wconf 85' lang='lat' dir='ltr'><strong><em>Sed</em></strong></span> <span class='ocrx_word' id='word_1_18' title='bbox 1154 685 1221 728; x_wconf 86' lang='lat' dir='ltr'><strong><em>tum</em></strong></span> <span class='ocrx_word' id='word_1_19' title='bbox 1243 674 1403 746; x_wconf 75' lang='lat' dir='ltr'><strong><em>capuanus</em></strong></span> <span class='ocrx_word' id='word_1_20' title='bbox 1424 680 1518 737; x_wconf 87' lang='lat' dir='ltr'><strong><em>animi</em></strong></span> <span class='ocrx_word' id='word_1_21' title='bbox 1540 679 1650 742; x_wconf 85' lang='lat' dir='ltr'><strong><em>dubius</em></strong></span> 
     </span>
     <span class='ocr_line' id='line_1_3' title="bbox 434 759 1652 850; baseline 0.011 -27"><span class='ocrx_word' id='word_1_22' title='bbox 434 781 472 823; x_wconf 91' lang='lat' dir='ltr'><strong><em>ne</em></strong></span> <span class='ocrx_word' id='word_1_23' title='bbox 493 767 526 822; x_wconf 85' lang='lat' dir='ltr'><strong><em>in</em></strong></span> <span class='ocrx_word' id='word_1_24' title='bbox 539 761 673 822; x_wconf 85' lang='lat' dir='ltr'><strong><em>Mutiliae</em></strong></span> <span class='ocrx_word' id='word_1_25' title='bbox 688 764 891 838; x_wconf 77' lang='lat' dir='ltr'><strong><em>persecutores</em></strong></span> <span class='ocrx_word' id='word_1_26' title='bbox 904 759 1062 837; x_wconf 78' lang='lat' dir='ltr'><strong><em>insisteret,</em></strong></span> <span class='ocrx_word' id='word_1_27' title='bbox 1077 762 1274 826; x_wconf 72' lang='lat' dir='ltr'><strong><em>Beneuentum</em></strong></span> <span class='ocrx_word' id='word_1_28' title='bbox 1300 774 1540 850; x_wconf 78' lang='lat' dir='ltr'><strong><em>comrrdprassel,</em></strong></span> <span class='ocrx_word' id='word_1_29' title='bbox 1560 792 1595 834; x_wconf 86' lang='lat' dir='ltr'><strong><em>re</em></strong></span> <span class='ocrx_word' id='word_1_30' title='bbox 1608 773 1652 834; x_wconf 80' lang='lat' dir='ltr'><strong><em>att</em></strong></span> 
     </span>
     <span class='ocr_line' id='line_1_4' title="bbox 429 855 1651 942; baseline 0.011 -24"><span class='ocrx_word' id='word_1_31' title='bbox 429 864 496 938; x_wconf 83' lang='lat' dir='ltr'><strong><em>ejus</em></strong></span> <span class='ocrx_word' id='word_1_32' title='bbox 519 874 644 916; x_wconf 78' lang='lat' dir='ltr'><strong><em>amorem</em></strong></span> <span class='ocrx_word' id='word_1_33' title='bbox 658 859 771 934; x_wconf 88' lang='lat' dir='ltr'><strong><em>delata,</em></strong></span> <span class='ocrx_word' id='word_1_34' title='bbox 785 856 823 916; x_wconf 89' lang='lat' dir='ltr'><strong><em>ub</em></strong></span> <span class='ocrx_word' id='word_1_35' title='bbox 836 874 871 916; x_wconf 88' lang='lat' dir='ltr'><strong><em>eo</em></strong></span> <span class='ocrx_word' id='word_1_36' title='bbox 885 855 1044 916; x_wconf 88' lang='lat' dir='ltr'><strong><em>incolumes</em></strong></span> <span class='ocrx_word' id='word_1_37' title='bbox 1059 856 1141 918; x_wconf 89' lang='lat' dir='ltr'><strong><em>ubire</em></strong></span> <span class='ocrx_word' id='word_1_38' title='bbox 1148 862 1241 937; x_wconf 84' lang='lat' dir='ltr'><strong><em>jussi.</em></strong></span> <span class='ocrx_word' id='word_1_39' title='bbox 1258 863 1300 922; x_wconf 87' lang='lat' dir='ltr'><strong><em>Hi</em></strong></span> <span class='ocrx_word' id='word_1_40' title='bbox 1321 867 1444 942; x_wconf 84' lang='lat' dir='ltr'><strong><em>injectis</em></strong></span> <span class='ocrx_word' id='word_1_41' title='bbox 1458 870 1587 930; x_wconf 72' lang='lat' dir='ltr'><strong><em>romulis</em></strong></span> <span class='ocrx_word' id='word_1_42' title='bbox 1601 889 1651 930; x_wconf 92' lang='lat' dir='ltr'><strong><em>so·</em></strong></span> 
     </span>
     <span class='ocr_line' id='line_1_5' title="bbox 433 950 1649 1036; baseline 0.011 -21"><span class='ocrx_word' id='word_1_43' title='bbox 433 959 490 1019; x_wconf 88' lang='lat' dir='ltr'><strong><em>tuti</em></strong></span> <span class='ocrx_word' id='word_1_44' title='bbox 503 957 700 1016; x_wconf 81' lang='lat' dir='ltr'><strong><em>Bemoentum</em></strong></span> <span class='ocrx_word' id='word_1_45' title='bbox 708 950 903 1030; x_wconf 79' lang='lat' dir='ltr'><strong><em>prosupiunt,</em></strong></span> <span class='ocrx_word' id='word_1_46' title='bbox 916 950 969 1009; x_wconf 85' lang='lat' dir='ltr'><strong><em>ubi</em></strong></span> <span class='ocrx_word' id='word_1_47' title='bbox 978 951 1099 1011; x_wconf 80' lang='lat' dir='ltr'><strong><em>Malitia</em></strong></span> <span class='ocrx_word' id='word_1_48' title='bbox 1112 953 1149 1014; x_wconf 84' lang='lat' dir='ltr'><strong><em>tle</em></strong></span> <span class='ocrx_word' id='word_1_49' title='bbox 1162 974 1249 1018; x_wconf 89' lang='lat' dir='ltr'><strong><em>sacra</em></strong></span> <span class='ocrx_word' id='word_1_50' title='bbox 1258 957 1330 1018; x_wconf 82' lang='lat' dir='ltr'><strong><em>aede</em></strong></span> <span class='ocrx_word' id='word_1_51' title='bbox 1347 966 1581 1036; x_wconf 73' lang='lat' dir='ltr'><strong><em>praetereuntem</em></strong></span> <span class='ocrx_word' id='word_1_52' title='bbox 1594 950 1649 1027; x_wconf 79' lang='lat' dir='ltr'><strong><em>Ca·</em></strong></span> 
     </span>
     <span class='ocr_line' id='line_1_6' title="bbox 429 1047 1644 1132; baseline 0.01 -25"><span class='ocrx_word' id='word_1_53' title='bbox 429 1065 576 1132; x_wconf 83' lang='lat' dir='ltr'><strong><em>pannum,</em></strong></span> <span class='ocrx_word' id='word_1_54' title='bbox 590 1053 643 1124; x_wconf 84' lang='lat' dir='ltr'><strong><em>qui</em></strong></span> <span class='ocrx_word' id='word_1_55' title='bbox 656 1065 711 1110; x_wconf 87' lang='lat' dir='ltr'><strong><em>suo</em></strong></span> <span class='ocrx_word' id='word_1_56' title='bbox 723 1048 849 1108; x_wconf 84' lang='lat' dir='ltr'><strong><em>aduentu</em></strong></span> <span class='ocrx_word' id='word_1_57' title='bbox 859 1050 1033 1123; x_wconf 83' lang='lat' dir='ltr'><strong><em>perterritus</em></strong></span> <span class='ocrx_word' id='word_1_58' title='bbox 1044 1047 1115 1106; x_wconf 88' lang='lat' dir='ltr'><strong><em>urbe</em></strong></span> <span class='ocrx_word' id='word_1_59' title='bbox 1123 1051 1294 1128; x_wconf 74' lang='lat' dir='ltr'><strong><em>secedebat,</em></strong></span> <span class='ocrx_word' id='word_1_60' title='bbox 1307 1051 1458 1115; x_wconf 88' lang='lat' dir='ltr'><strong><em>liberrima</em></strong></span> <span class='ocrx_word' id='word_1_61' title='bbox 1471 1062 1500 1115; x_wconf 90' lang='lat' dir='ltr'><strong><em>et</em></strong></span> <span class='ocrx_word' id='word_1_62' title='bbox 1510 1057 1644 1119; x_wconf 83' lang='lat' dir='ltr'><strong><em>amnibus</em></strong></span> 
     </span>
     <span class='ocr_line' id='line_1_7' title="bbox 425 1138 1646 1228; baseline 0.007 -26"><span class='ocrx_word' id='word_1_63' title='bbox 425 1141 546 1216; x_wconf 75' lang='lat' dir='ltr'><strong><em>probris</em></strong></span> <span class='ocrx_word' id='word_1_64' title='bbox 558 1139 672 1216; x_wconf 73' lang='lat' dir='ltr'><strong><em>referta</em></strong></span> <span class='ocrx_word' id='word_1_65' title='bbox 686 1143 852 1214; x_wconf 83' lang='lat' dir='ltr'><strong><em>invectiva,</em></strong></span> <span class='ocrx_word' id='word_1_66' title='bbox 868 1138 1000 1216; x_wconf 87' lang='lat' dir='ltr'><strong><em>plurimo</em></strong></span> <span class='ocrx_word' id='word_1_67' title='bbox 1012 1139 1127 1216; x_wconf 89' lang='lat' dir='ltr'><strong><em>populo</em></strong></span> <span class='ocrx_word' id='word_1_68' title='bbox 1141 1185 1150 1218; x_wconf 95' lang='lat'><strong><em>,</em></strong></span> <span class='ocrx_word' id='word_1_69' title='bbox 1174 1147 1228 1219; x_wconf 84' lang='lat' dir='ltr'><strong><em>qui</em></strong></span> <span class='ocrx_word' id='word_1_70' title='bbox 1240 1143 1282 1203; x_wconf 87' lang='lat' dir='ltr'><strong><em>ad</em></strong></span> <span class='ocrx_word' id='word_1_71' title='bbox 1293 1161 1371 1204; x_wconf 86' lang='lat' dir='ltr'><strong><em>nova</em></strong></span> <span class='ocrx_word' id='word_1_72' title='bbox 1383 1153 1556 1210; x_wconf 81' lang='lat' dir='ltr'><strong><em>conuenerat</em></strong></span> <span class='ocrx_word' id='word_1_73' title='bbox 1569 1195 1579 1228; x_wconf 95' lang='lat'><strong><em>,</em></strong></span> <span class='ocrx_word' id='word_1_74' title='bbox 1593 1168 1646 1211; x_wconf 86' lang='lat' dir='ltr'><strong><em>uu·</em></strong></span> 
     </span>
     <span class='ocr_line' id='line_1_8' title="bbox 427 1234 1646 1322; baseline 0.004 -25"><span class='ocrx_word' id='word_1_75' title='bbox 427 1239 536 1316; x_wconf 81' lang='lat' dir='ltr'><strong><em>clierrle,</em></strong></span> <span class='ocrx_word' id='word_1_76' title='bbox 551 1240 710 1298; x_wconf 85' lang='lat' dir='ltr'><strong><em>insectatus</em></strong></span> <span class='ocrx_word' id='word_1_77' title='bbox 723 1240 775 1298; x_wconf 90' lang='lat' dir='ltr'><strong><em>est.</em></strong></span> <span class='ocrx_word' id='word_1_78' title='bbox 791 1234 906 1294; x_wconf 76' lang='lat' dir='ltr'><strong><em>Interea</em></strong></span> <span class='ocrx_word' id='word_1_79' title='bbox 917 1235 1046 1312; x_wconf 87' lang='lat' dir='ltr'><strong><em>Neapoli</em></strong></span> <span class='ocrx_word' id='word_1_80' title='bbox 1059 1238 1261 1315; x_wconf 88' lang='lat' dir='ltr'><strong><em>supplicatio,</em></strong></span> <span class='ocrx_word' id='word_1_81' title='bbox 1275 1244 1309 1298; x_wconf 88' lang='lat' dir='ltr'><strong><em>in</em></strong></span> <span class='ocrx_word' id='word_1_82' title='bbox 1322 1259 1412 1318; x_wconf 84' lang='lat' dir='ltr'><strong><em>quam</em></strong></span> <span class='ocrx_word' id='word_1_83' title='bbox 1424 1248 1453 1303; x_wconf 90' lang='lat' dir='ltr'><strong><em>el</em></strong></span> <span class='ocrx_word' id='word_1_84' title='bbox 1467 1243 1585 1306; x_wconf 77' lang='lat' dir='ltr'><strong><em>Prorea</em></strong></span> <span class='ocrx_word' id='word_1_85' title='bbox 1599 1249 1646 1322; x_wconf 88' lang='lat' dir='ltr'><strong><em>ip·</em></strong></span> 
     </span>
    </p>
   </div>
   <div class='ocr_carea' id='block_1_2' title="bbox 415 1329 1648 1705">
    <p class='ocr_par' dir='ltr' id='par_1_2' title="bbox 415 1329 1648 1705">
     <span class='ocr_line' id='line_1_9' title="bbox 425 1329 1648 1412; baseline 0.006 -18"><span class='ocrx_word' id='word_1_86' title='bbox 425 1351 456 1394; x_wconf 91' lang='lat' dir='ltr'><strong><em>se</em></strong></span> <span class='ocrx_word' id='word_1_87' title='bbox 466 1338 497 1394; x_wconf 88' lang='lat' dir='ltr'><strong><em>et</em></strong></span> <span class='ocrx_word' id='word_1_88' title='bbox 511 1339 617 1395; x_wconf 87' lang='lat' dir='ltr'><strong><em>cuncta</em></strong></span> <span class='ocrx_word' id='word_1_89' title='bbox 623 1336 768 1412; x_wconf 86' lang='lat' dir='ltr'><strong><em>processit</em></strong></span> <span class='ocrx_word' id='word_1_90' title='bbox 782 1330 942 1404; x_wconf 81' lang='lat' dir='ltr'><strong><em>Nobilitas,</em></strong></span> <span class='ocrx_word' id='word_1_91' title='bbox 957 1329 1184 1393; x_wconf 83' lang='lat' dir='ltr'><strong><em>stioolanuario</em></strong></span> <span class='ocrx_word' id='word_1_92' title='bbox 1194 1340 1355 1411; x_wconf 82' lang='lat' dir='ltr'><strong><em>ceterisque</em></strong></span> <span class='ocrx_word' id='word_1_93' title='bbox 1376 1338 1457 1400; x_wconf 77' lang='lat' dir='ltr'><strong><em>tarbis</em></strong></span> <span class='ocrx_word' id='word_1_94' title='bbox 1469 1339 1648 1401; x_wconf 75' lang='lat' dir='ltr'><strong><em>tutelaribus</em></strong></span> 
     </span>
     <span class='ocr_line' id='line_1_10' title="bbox 424 1424 1646 1509; baseline 0.002 -19"><span class='ocrx_word' id='word_1_95' title='bbox 424 1431 503 1490; x_wconf 83' lang='lat' dir='ltr'><strong><em>diuis</em></strong></span> <span class='ocrx_word' id='word_1_96' title='bbox 516 1447 536 1489; x_wconf 90' lang='lat' dir='ltr'><strong><em>a</em></strong></span> <span class='ocrx_word' id='word_1_97' title='bbox 552 1429 699 1492; x_wconf 87' lang='lat' dir='ltr'><strong><em>Cantelmo</em></strong></span> <span class='ocrx_word' id='word_1_98' title='bbox 712 1424 856 1501; x_wconf 79' lang='lat' dir='ltr'><strong><em>Pontifiae</em></strong></span> <span class='ocrx_word' id='word_1_99' title='bbox 868 1429 956 1486; x_wconf 80' lang='lat' dir='ltr'><strong><em>eatra</em></strong></span> <span class='ocrx_word' id='word_1_100' title='bbox 970 1429 1103 1487; x_wconf 82' lang='lat' dir='ltr'><strong><em>ordinem</em></strong></span> <span class='ocrx_word' id='word_1_101' title='bbox 1116 1427 1231 1488; x_wconf 81' lang='lat' dir='ltr'><strong><em>babitu:</em></strong></span> <span class='ocrx_word' id='word_1_102' title='bbox 1243 1427 1321 1505; x_wconf 77' lang='lat' dir='ltr'><strong><em>soris</em></strong></span> <span class='ocrx_word' id='word_1_103' title='bbox 1340 1448 1410 1491; x_wconf 87' lang='lat' dir='ltr'><strong><em>uero</em></strong></span> <span class='ocrx_word' id='word_1_104' title='bbox 1423 1450 1463 1492; x_wconf 75' lang='lat' dir='ltr'><strong><em>ese</em></strong></span> <span class='ocrx_word' id='word_1_105' title='bbox 1476 1436 1646 1509; x_wconf 77' lang='lat' dir='ltr'><strong><em>conjuratis</em></strong></span> 
     </span>
     <span class='ocr_line' id='line_1_11' title="bbox 423 1518 1643 1603; baseline 0.005 -19"><span class='ocrx_word' id='word_1_106' title='bbox 423 1524 482 1584; x_wconf 88' lang='lat' dir='ltr'><strong><em>alii</em></strong></span> <span class='ocrx_word' id='word_1_107' title='bbox 495 1522 611 1601; x_wconf 73' lang='lat' dir='ltr'><strong><em>supere,</em></strong></span> <span class='ocrx_word' id='word_1_108' title='bbox 622 1541 695 1600; x_wconf 90' lang='lat' dir='ltr'><strong><em>pars</em></strong></span> <span class='ocrx_word' id='word_1_109' title='bbox 705 1518 816 1599; x_wconf 68' lang='lat' dir='ltr'><strong><em>superii,</em></strong></span> <span class='ocrx_word' id='word_1_110' title='bbox 831 1520 885 1580; x_wconf 86' lang='lat' dir='ltr'><strong><em>sed</em></strong></span> <span class='ocrx_word' id='word_1_111' title='bbox 893 1526 925 1580; x_wconf 90' lang='lat' dir='ltr'><strong><em>in</em></strong></span> <span class='ocrx_word' id='word_1_112' title='bbox 938 1520 1103 1599; x_wconf 80' lang='lat' dir='ltr'><strong><em>Apenninis</em></strong></span> <span class='ocrx_word' id='word_1_113' title='bbox 1115 1526 1261 1586; x_wconf 89' lang='lat' dir='ltr'><strong><em>montibus</em></strong></span> <span class='ocrx_word' id='word_1_114' title='bbox 1278 1530 1455 1603; x_wconf 80' lang='lat' dir='ltr'><strong><em>Campnnim</em></strong></span> <span class='ocrx_word' id='word_1_115' title='bbox 1476 1527 1515 1587; x_wconf 91' lang='lat' dir='ltr'><strong><em>ab</em></strong></span> <span class='ocrx_word' id='word_1_116' title='bbox 1530 1533 1643 1590; x_wconf 88' lang='lat' dir='ltr'><strong><em>oriente</em></strong></span> 
     </span>
     <span class='ocr_line' id='line_1_12' title="bbox 415 1616 1647 1705; baseline 0.004 -27"><span class='ocrx_word' id='word_1_117' title='bbox 415 1623 569 1696; x_wconf 76' lang='lat' dir='ltr'><strong><em>proximis</em></strong></span> <span class='ocrx_word' id='word_1_118' title='bbox 583 1618 744 1696; x_wconf 84' lang='lat' dir='ltr'><strong><em>courplures</em></strong></span> <span class='ocrx_word' id='word_1_119' title='bbox 757 1620 846 1694; x_wconf 90' lang='lat' dir='ltr'><strong><em>capti,</em></strong></span> <span class='ocrx_word' id='word_1_120' title='bbox 861 1616 974 1692; x_wconf 76' lang='lat' dir='ltr'><strong><em>aliquot</em></strong></span> <span class='ocrx_word' id='word_1_121' title='bbox 987 1623 1077 1705; x_wconf 77' lang='lat' dir='ltr'><strong><em>caesi,</em></strong></span> <span class='ocrx_word' id='word_1_122' title='bbox 1087 1621 1120 1675; x_wconf 91' lang='lat' dir='ltr'><strong><em>in</em></strong></span> <span class='ocrx_word' id='word_1_123' title='bbox 1130 1617 1237 1693; x_wconf 77' lang='lat' dir='ltr'><strong><em>quibus</em></strong></span> <span class='ocrx_word' id='word_1_124' title='bbox 1248 1617 1396 1695; x_wconf 84' lang='lat' dir='ltr'><strong><em>Iosepbus</em></strong></span> <span class='ocrx_word' id='word_1_125' title='bbox 1419 1625 1577 1700; x_wconf 77' lang='lat' dir='ltr'><strong><em>Cappcius,</em></strong></span> <span class='ocrx_word' id='word_1_126' title='bbox 1590 1629 1647 1699; x_wconf 86' lang='lat' dir='ltr'><strong><em>qui</em></strong></span> 
     </span>
    </p>
   </div>
   <div class='ocr_carea' id='block_1_3' title="bbox 365 1711 1643 4784">
    <p class='ocr_par' dir='ltr' id='par_1_3' title="bbox 365 1711 1643 4784">
     <span class='ocr_line' id='line_1_13' title="bbox 424 1711 1643 1794; baseline 0 -18"><span class='ocrx_word' id='word_1_127' title='bbox 424 1734 443 1776; x_wconf 88' lang='lat' dir='ltr'><strong><em>a</em></strong></span> <span class='ocrx_word' id='word_1_128' title='bbox 461 1716 654 1778; x_wconf 87' lang='lat' dir='ltr'><strong><em>Gambacurta</em></strong></span> <span class='ocrx_word' id='word_1_129' title='bbox 667 1723 694 1777; x_wconf 91' lang='lat' dir='ltr'><strong><em>et</em></strong></span> <span class='ocrx_word' id='word_1_130' title='bbox 712 1715 826 1777; x_wconf 74' lang='lat' dir='ltr'><strong><em>Tiberio</em></strong></span> <span class='ocrx_word' id='word_1_131' title='bbox 843 1711 991 1789; x_wconf 68' lang='lat' dir='ltr'><strong><em>Carataco</em></strong></span> <span class='ocrx_word' id='word_1_132' title='bbox 1004 1715 1146 1784; x_wconf 76' lang='lat' dir='ltr'><strong><em>desertus,</em></strong></span> <span class='ocrx_word' id='word_1_133' title='bbox 1158 1712 1252 1791; x_wconf 69' lang='lat' dir='ltr'><strong><em>lupae</em></strong></span> <span class='ocrx_word' id='word_1_134' title='bbox 1265 1717 1363 1776; x_wconf 82' lang='lat' dir='ltr'><strong><em>taedio</em></strong></span> <span class='ocrx_word' id='word_1_135' title='bbox 1375 1720 1477 1793; x_wconf 83' lang='lat' dir='ltr'><strong><em>prauis</em></strong></span> <span class='ocrx_word' id='word_1_136' title='bbox 1490 1718 1532 1776; x_wconf 88' lang='lat' dir='ltr'><strong><em>ad</em></strong></span> <span class='ocrx_word' id='word_1_137' title='bbox 1541 1735 1643 1794; x_wconf 88' lang='lat' dir='ltr'><strong><em>perse·</em></strong></span> 
     </span>
     <span class='ocr_line' id='line_1_14' title="bbox 420 1808 1642 1890; baseline -0.001 -17"><span class='ocrx_word' id='word_1_138' title='bbox 420 1817 539 1890; x_wconf 81' lang='lat' dir='ltr'><strong><em>quentes</em></strong></span> <span class='ocrx_word' id='word_1_139' title='bbox 553 1828 715 1888; x_wconf 78' lang='lat' dir='ltr'><strong><em>coutrersus,</em></strong></span> <span class='ocrx_word' id='word_1_140' title='bbox 729 1815 829 1888; x_wconf 81' lang='lat' dir='ltr'><strong><em>eisque</em></strong></span> <span class='ocrx_word' id='word_1_141' title='bbox 844 1814 875 1869; x_wconf 89' lang='lat' dir='ltr'><strong><em>ul</em></strong></span> <span class='ocrx_word' id='word_1_142' title='bbox 888 1828 918 1871; x_wconf 92' lang='lat' dir='ltr'><strong><em>se</em></strong></span> <span class='ocrx_word' id='word_1_143' title='bbox 933 1813 1035 1869; x_wconf 84' lang='lat' dir='ltr'><strong><em>vivum</em></strong></span> <span class='ocrx_word' id='word_1_144' title='bbox 1049 1808 1179 1883; x_wconf 86' lang='lat' dir='ltr'><strong><em>dederet,</em></strong></span> <span class='ocrx_word' id='word_1_145' title='bbox 1190 1811 1371 1890; x_wconf 74' lang='lat' dir='ltr'><strong><em>repantibus,</em></strong></span> <span class='ocrx_word' id='word_1_146' title='bbox 1383 1816 1530 1871; x_wconf 86' lang='lat' dir='ltr'><strong><em>ostentans</em></strong></span> <span class='ocrx_word' id='word_1_147' title='bbox 1539 1817 1642 1889; x_wconf 87' lang='lat' dir='ltr'><strong><em>pectus</em></strong></span> 
     </span>
     <span class='ocr_line' id='line_1_15' title="bbox 424 1891 1642 1980; baseline -0.003 -16"><span class='ocrx_word' id='word_1_148' title='bbox 424 1907 501 1979; x_wconf 82' lang='lat' dir='ltr'><strong><em>ucri,</em></strong></span> <span class='ocrx_word' id='word_1_149' title='bbox 511 1891 632 1979; x_wconf 81' lang='lat' dir='ltr'><strong><em>eamqrte</em></strong></span> <span class='ocrx_word' id='word_1_150' title='bbox 642 1901 760 1980; x_wconf 74' lang='lat' dir='ltr'><strong><em>infestis</em></strong></span> <span class='ocrx_word' id='word_1_151' title='bbox 774 1904 867 1964; x_wconf 84' lang='lat' dir='ltr'><strong><em>armis</em></strong></span> <span class='ocrx_word' id='word_1_152' title='bbox 878 1895 1066 1975; x_wconf 68' lang='lat' dir='ltr'><strong><em>edlapitans,</em></strong></span> <span class='ocrx_word' id='word_1_153' title='bbox 1085 1903 1260 1961; x_wconf 80' lang='lat' dir='ltr'><strong><em>insacratus</em></strong></span> <span class='ocrx_word' id='word_1_154' title='bbox 1275 1903 1409 1962; x_wconf 87' lang='lat' dir='ltr'><strong><em>occubuit</em></strong></span> <span class='ocrx_word' id='word_1_155' title='bbox 1420 1947 1429 1979; x_wconf 92' lang='lat'><strong><em>,</em></strong></span> <span class='ocrx_word' id='word_1_156' title='bbox 1442 1900 1642 1979; x_wconf 76' lang='lat' dir='ltr'><strong><em>fortissimum</em></strong></span> 
     </span>
     <span class='ocr_line' id='line_1_16' title="bbox 422 1988 1643 2070; baseline -0.003 -17"><span class='ocrx_word' id='word_1_157' title='bbox 422 1998 624 2069; x_wconf 86' lang='lat' dir='ltr'><strong><em>mortispenus</em></strong></span> <span class='ocrx_word' id='word_1_158' title='bbox 637 1993 663 2054; x_wconf 80' lang='lat' dir='ltr'><strong><em>ss‘</em></strong></span> <span class='ocrx_word' id='word_1_159' title='bbox 674 2008 780 2054; x_wconf 85' lang='lat' dir='ltr'><strong><em>caussa</em></strong></span> <span class='ocrx_word' id='word_1_160' title='bbox 800 1988 1022 2052; x_wconf 81' lang='lat' dir='ltr'><strong><em>cobmtestcsset.</em></strong></span> <span class='ocrx_word' id='word_1_161' title='bbox 1042 1993 1148 2066; x_wconf 84' lang='lat' dir='ltr'><strong><em>Capita</em></strong></span> <span class='ocrx_word' id='word_1_162' title='bbox 1167 1997 1201 2052; x_wconf 88' lang='lat' dir='ltr'><strong><em>in</em></strong></span> <span class='ocrx_word' id='word_1_163' title='bbox 1212 1997 1378 2070; x_wconf 80' lang='lat' dir='ltr'><strong><em>praecipuis</em></strong></span> <span class='ocrx_word' id='word_1_164' title='bbox 1400 1992 1537 2053; x_wconf 82' lang='lat' dir='ltr'><strong><em>tscrbatae</em></strong></span> <span class='ocrx_word' id='word_1_165' title='bbox 1558 1994 1643 2053; x_wconf 82' lang='lat' dir='ltr'><strong><em>urbis</em></strong></span> 
     </span>
     <span class='ocr_line' id='line_1_17' title="bbox 420 2082 1637 2161; baseline -0.003 -14"><span class='ocrx_word' id='word_1_166' title='bbox 420 2087 506 2161; x_wconf 88' lang='lat' dir='ltr'><strong><em>loeis,</em></strong></span> <span class='ocrx_word' id='word_1_167' title='bbox 520 2091 554 2145; x_wconf 87' lang='lat' dir='ltr'><strong><em>ut</em></strong></span> <span class='ocrx_word' id='word_1_168' title='bbox 567 2101 707 2146; x_wconf 86' lang='lat' dir='ltr'><strong><em>ausorum</em></strong></span> <span class='ocrx_word' id='word_1_169' title='bbox 719 2085 886 2143; x_wconf 89' lang='lat' dir='ltr'><strong><em>memoriam</em></strong></span> <span class='ocrx_word' id='word_1_170' title='bbox 898 2083 1098 2157; x_wconf 75' lang='lat' dir='ltr'><strong><em>emendarent,</em></strong></span> <span class='ocrx_word' id='word_1_171' title='bbox 1112 2087 1238 2142; x_wconf 89' lang='lat' dir='ltr'><strong><em>ostentui</em></strong></span> <span class='ocrx_word' id='word_1_172' title='bbox 1248 2087 1386 2160; x_wconf 79' lang='lat' dir='ltr'><strong><em>exposita</em></strong></span> <span class='ocrx_word' id='word_1_173' title='bbox 1399 2127 1407 2154; x_wconf 86' lang='lat'>‚</span> <span class='ocrx_word' id='word_1_174' title='bbox 1422 2098 1522 2142; x_wconf 90' lang='lat' dir='ltr'><strong><em>rerum</em></strong></span> <span class='ocrx_word' id='word_1_175' title='bbox 1535 2082 1637 2143; x_wconf 80' lang='lat' dir='ltr'><strong><em>nunu-</em></strong></span> 
     </span>
     <span class='ocr_line' id='line_1_18' title="bbox 420 2171 1642 2257; baseline -0.001 -17"><span class='ocrx_word' id='word_1_176' title='bbox 420 2198 525 2242; x_wconf 88' lang='lat' dir='ltr'><strong><em>uorum</em></strong></span> <span class='ocrx_word' id='word_1_177' title='bbox 539 2180 738 2257; x_wconf 80' lang='lat' dir='ltr'><strong><em>spectaculum</em></strong></span> <span class='ocrx_word' id='word_1_178' title='bbox 751 2176 899 2238; x_wconf 79' lang='lat' dir='ltr'><strong><em>subibant.</em></strong></span> <span class='ocrx_word' id='word_1_179' title='bbox 919 2181 1079 2256; x_wconf 82' lang='lat' dir='ltr'><strong><em>cajetanus</em></strong></span> <span class='ocrx_word' id='word_1_180' title='bbox 1093 2171 1199 2257; x_wconf 80' lang='lat' dir='ltr'><strong><em>amun,</em></strong></span> <span class='ocrx_word' id='word_1_181' title='bbox 1215 2180 1365 2256; x_wconf 90' lang='lat' dir='ltr'><strong><em>dissipatu</em></strong></span> <span class='ocrx_word' id='word_1_182' title='bbox 1383 2195 1529 2240; x_wconf 86' lang='lat' dir='ltr'><strong><em>nouarum</em></strong></span> <span class='ocrx_word' id='word_1_183' title='bbox 1543 2196 1642 2239; x_wconf 82' lang='lat' dir='ltr'><strong><em>rerssm</em></strong></span> 
     </span>
     <span class='ocr_line' id='line_1_19' title="bbox 421 2272 1641 2353; baseline -0.002 -17"><span class='ocrx_word' id='word_1_184' title='bbox 421 2280 556 2353; x_wconf 75' lang='lat' dir='ltr'><strong><em>excepto,</em></strong></span> <span class='ocrx_word' id='word_1_185' title='bbox 572 2278 694 2338; x_wconf 81' lang='lat' dir='ltr'><strong><em>Romam</em></strong></span> <span class='ocrx_word' id='word_1_186' title='bbox 707 2275 750 2334; x_wconf 87' lang='lat' dir='ltr'><strong><em>ad</em></strong></span> <span class='ocrx_word' id='word_1_187' title='bbox 765 2275 899 2335; x_wconf 85' lang='lat' dir='ltr'><strong><em>Caesaris</em></strong></span> <span class='ocrx_word' id='word_1_188' title='bbox 913 2273 1056 2349; x_wconf 80' lang='lat' dir='ltr'><strong><em>Lepatum</em></strong></span> <span class='ocrx_word' id='word_1_189' title='bbox 1070 2277 1130 2332; x_wconf 88' lang='lat' dir='ltr'><strong><em>tam</em></strong></span> <span class='ocrx_word' id='word_1_190' title='bbox 1143 2273 1319 2351; x_wconf 69' lang='lat' dir='ltr'><strong><em>[estinanter</em></strong></span> <span class='ocrx_word' id='word_1_191' title='bbox 1343 2272 1494 2352; x_wconf 77' lang='lat' dir='ltr'><strong><em>consupit,</em></strong></span> <span class='ocrx_word' id='word_1_192' title='bbox 1519 2279 1554 2333; x_wconf 89' lang='lat' dir='ltr'><strong><em>ut</em></strong></span> <span class='ocrx_word' id='word_1_193' title='bbox 1569 2291 1641 2334; x_wconf 79' lang='lat' dir='ltr'><strong><em>mox</em></strong></span> 
     </span>
     <span class='ocr_line' id='line_1_20' title="bbox 424 2364 1640 2438; baseline -0.002 -11"><span class='ocrx_word' id='word_1_194' title='bbox 424 2369 600 2428; x_wconf 80' lang='lat' dir='ltr'><strong><em>Terrom&#39;uae</em></strong></span> <span class='ocrx_word' id='word_1_195' title='bbox 611 2367 688 2426; x_wconf 84' lang='lat' dir='ltr'><strong><em>cirtae</em></strong></span> <span class='ocrx_word' id='word_1_196' title='bbox 701 2382 801 2437; x_wconf 83' lang='lat' dir='ltr'><strong><em>naues,</em></strong></span> <span class='ocrx_word' id='word_1_197' title='bbox 813 2380 888 2438; x_wconf 81' lang='lat' dir='ltr'><strong><em>paras</em></strong></span> <span class='ocrx_word' id='word_1_198' title='bbox 902 2368 994 2423; x_wconf 89' lang='lat' dir='ltr'><strong><em>armis</em></strong></span> <span class='ocrx_word' id='word_1_199' title='bbox 1008 2367 1034 2424; x_wconf 94' lang='lat' dir='ltr'><strong><em>et</em></strong></span> <span class='ocrx_word' id='word_1_200' title='bbox 1049 2364 1214 2427; x_wconf 78' lang='lat' dir='ltr'><strong><em>bonunibus</em></strong></span> <span class='ocrx_word' id='word_1_201' title='bbox 1226 2369 1258 2425; x_wconf 89' lang='lat' dir='ltr'><strong><em>in</em></strong></span> <span class='ocrx_word' id='word_1_202' title='bbox 1271 2364 1412 2425; x_wconf 82' lang='lat' dir='ltr'><strong><em>tumuitus</em></strong></span> <span class='ocrx_word' id='word_1_203' title='bbox 1434 2381 1521 2426; x_wconf 81' lang='lat' dir='ltr'><strong><em>urum</em></strong></span> <span class='ocrx_word' id='word_1_204' title='bbox 1535 2384 1640 2427; x_wconf 89' lang='lat' dir='ltr'><strong><em>onera·</em></strong></span> 
     </span>
     <span class='ocr_line' id='line_1_21' title="bbox 416 2456 1636 2535; baseline -0.003 -17"><span class='ocrx_word' id='word_1_205' title='bbox 416 2462 507 2532; x_wconf 74' lang='lat' dir='ltr'><strong><em>ruat,</em></strong></span> <span class='ocrx_word' id='word_1_206' title='bbox 522 2458 678 2516; x_wconf 82' lang='lat' dir='ltr'><strong><em>destitutae</em></strong></span> <span class='ocrx_word' id='word_1_207' title='bbox 689 2457 822 2528; x_wconf 83' lang='lat' dir='ltr'><strong><em>remipio,</em></strong></span> <span class='ocrx_word' id='word_1_208' title='bbox 836 2458 938 2530; x_wconf 89' lang='lat' dir='ltr'><strong><em>captae</em></strong></span> <span class='ocrx_word' id='word_1_209' title='bbox 950 2459 1018 2516; x_wconf 85' lang='lat' dir='ltr'><strong><em>sint.</em></strong></span> <span class='ocrx_word' id='word_1_210' title='bbox 1034 2460 1200 2533; x_wconf 79' lang='lat' dir='ltr'><strong><em>capuanus,</em></strong></span> <span class='ocrx_word' id='word_1_211' title='bbox 1206 2460 1367 2534; x_wconf 84' lang='lat' dir='ltr'><strong><em>postquam</em></strong></span> <span class='ocrx_word' id='word_1_212' title='bbox 1373 2474 1429 2534; x_wconf 82' lang='lat' dir='ltr'><strong><em>per</em></strong></span> <span class='ocrx_word' id='word_1_213' title='bbox 1448 2457 1561 2535; x_wconf 83' lang='lat' dir='ltr'><strong><em>aliquot</em></strong></span> <span class='ocrx_word' id='word_1_214' title='bbox 1570 2456 1636 2517; x_wconf 81' lang='lat' dir='ltr'><strong><em>dies</em></strong></span> 
     </span>
     <span class='ocr_line' id='line_1_22' title="bbox 417 2533 1638 2624; baseline 0 -17"><span class='ocrx_word' id='word_1_215' title='bbox 417 2533 575 2622; x_wconf 70' lang='lat' dir='ltr'><strong><em>rra-apen</em></strong></span> <span class='ocrx_word' id='word_1_216' title='bbox 585 2548 622 2606; x_wconf 89' lang='lat' dir='ltr'><strong><em>de</em></strong></span> <span class='ocrx_word' id='word_1_217' title='bbox 634 2562 689 2605; x_wconf 89' lang='lat' dir='ltr'><strong><em>sao</em></strong></span> <span class='ocrx_word' id='word_1_218' title='bbox 699 2549 732 2603; x_wconf 85' lang='lat' dir='ltr'><strong><em>in</em></strong></span> <span class='ocrx_word' id='word_1_219' title='bbox 741 2542 840 2604; x_wconf 88' lang='lat' dir='ltr'><strong><em>urbem</em></strong></span> <span class='ocrx_word' id='word_1_220' title='bbox 849 2545 947 2617; x_wconf 86' lang='lat' dir='ltr'><strong><em>aditu,</em></strong></span> <span class='ocrx_word' id='word_1_221' title='bbox 957 2543 1000 2602; x_wconf 87' lang='lat' dir='ltr'><strong><em>ad</em></strong></span> <span class='ocrx_word' id='word_1_222' title='bbox 1010 2548 1150 2606; x_wconf 84' lang='lat' dir='ltr'><strong><em>aduersae</em></strong></span> <span class='ocrx_word' id='word_1_223' title='bbox 1160 2544 1263 2621; x_wconf 76' lang='lat' dir='ltr'><strong><em>santae</em></strong></span> <span class='ocrx_word' id='word_1_224' title='bbox 1270 2550 1445 2624; x_wconf 78' lang='lat' dir='ltr'><strong><em>purpatum,</em></strong></span> <span class='ocrx_word' id='word_1_225' title='bbox 1467 2545 1638 2623; x_wconf 75' lang='lat' dir='ltr'><strong><em>frustratus</em></strong></span> 
     </span>
     <span class='ocr_line' id='line_1_23' title="bbox 416 2639 1634 2719; baseline 0 -17"><span class='ocrx_word' id='word_1_226' title='bbox 416 2645 470 2714; x_wconf 89' lang='lat' dir='ltr'><strong><em>est,</em></strong></span> <span class='ocrx_word' id='word_1_227' title='bbox 486 2641 606 2701; x_wconf 77' lang='lat' dir='ltr'><strong><em>landun</em></strong></span> <span class='ocrx_word' id='word_1_228' title='bbox 632 2642 668 2701; x_wconf 92' lang='lat' dir='ltr'><strong><em>ab</em></strong></span> <span class='ocrx_word' id='word_1_229' title='bbox 683 2645 782 2702; x_wconf 89' lang='lat' dir='ltr'><strong><em>animo</em></strong></span> <span class='ocrx_word' id='word_1_230' title='bbox 794 2640 852 2699; x_wconf 89' lang='lat' dir='ltr'><strong><em>sibi</em></strong></span> <span class='ocrx_word' id='word_1_231' title='bbox 864 2639 940 2699; x_wconf 74' lang='lat' dir='ltr'><strong><em>rude</em></strong></span> <span class='ocrx_word' id='word_1_232' title='bbox 952 2647 1067 2702; x_wconf 76' lang='lat' dir='ltr'><strong><em>coruscio</em></strong></span> <span class='ocrx_word' id='word_1_233' title='bbox 1080 2642 1272 2714; x_wconf 83' lang='lat' dir='ltr'><strong><em>stimulatus,</em></strong></span> <span class='ocrx_word' id='word_1_234' title='bbox 1293 2657 1360 2701; x_wconf 88' lang='lat' dir='ltr'><strong><em>eum</em></strong></span> <span class='ocrx_word' id='word_1_235' title='bbox 1378 2659 1478 2719; x_wconf 89' lang='lat' dir='ltr'><strong><em>pauco</em></strong></span> <span class='ocrx_word' id='word_1_236' title='bbox 1491 2649 1634 2704; x_wconf 86' lang='lat' dir='ltr'><strong><em>cornitutu</em></strong></span> 
     </span>
     <span class='ocr_line' id='line_1_24' title="bbox 418 2733 1636 2816; baseline 0 -16"><span class='ocrx_word' id='word_1_237' title='bbox 418 2738 537 2800; x_wconf 85' lang='lat' dir='ltr'><strong><em>ltmnam</em></strong></span> <span class='ocrx_word' id='word_1_238' title='bbox 549 2755 650 2800; x_wconf 87' lang='lat' dir='ltr'><strong><em>uersus</em></strong></span> <span class='ocrx_word' id='word_1_239' title='bbox 664 2735 804 2816; x_wconf 77' lang='lat' dir='ltr'><strong><em>subsupit.</em></strong></span> <span class='ocrx_word' id='word_1_240' title='bbox 820 2733 914 2797; x_wconf 79' lang='lat' dir='ltr'><strong><em>Acasto</em></strong></span> <span class='ocrx_word' id='word_1_241' title='bbox 928 2737 1053 2815; x_wconf 82' lang='lat' dir='ltr'><strong><em>denique</em></strong></span> <span class='ocrx_word' id='word_1_242' title='bbox 1064 2740 1101 2799; x_wconf 88' lang='lat' dir='ltr'><strong><em>de</em></strong></span> <span class='ocrx_word' id='word_1_243' title='bbox 1115 2739 1287 2816; x_wconf 88' lang='lat' dir='ltr'><strong><em>occupanda</em></strong></span> <span class='ocrx_word' id='word_1_244' title='bbox 1306 2737 1535 2815; x_wconf 71' lang='lat' dir='ltr'><strong><em>Mansredoniae</em></strong></span> <span class='ocrx_word' id='word_1_245' title='bbox 1555 2758 1636 2812; x_wconf 80' lang='lat' dir='ltr'><strong><em>orec,</em></strong></span> 
     </span>
     <span class='ocr_line' id='line_1_25' title="bbox 414 2831 1632 2912; baseline 0.002 -19"><span class='ocrx_word' id='word_1_246' title='bbox 414 2831 498 2910; x_wconf 77' lang='lat' dir='ltr'><strong><em>facto</em></strong></span> <span class='ocrx_word' id='word_1_247' title='bbox 506 2851 563 2912; x_wconf 88' lang='lat' dir='ltr'><strong><em>per</em></strong></span> <span class='ocrx_word' id='word_1_248' title='bbox 575 2833 690 2895; x_wconf 84' lang='lat' dir='ltr'><strong><em>ciuilem</em></strong></span> <span class='ocrx_word' id='word_1_249' title='bbox 703 2834 785 2895; x_wconf 88' lang='lat' dir='ltr'><strong><em>urbis</em></strong></span> <span class='ocrx_word' id='word_1_250' title='bbox 795 2838 904 2891; x_wconf 87' lang='lat' dir='ltr'><strong><em>motum</em></strong></span> <span class='ocrx_word' id='word_1_251' title='bbox 915 2834 1041 2894; x_wconf 89' lang='lat' dir='ltr'><strong><em>consilio</em></strong></span> <span class='ocrx_word' id='word_1_252' title='bbox 1055 2840 1171 2894; x_wconf 88' lang='lat' dir='ltr'><strong><em>animus</em></strong></span> <span class='ocrx_word' id='word_1_253' title='bbox 1184 2835 1294 2895; x_wconf 77' lang='lat' dir='ltr'><strong><em>liceret.</em></strong></span> <span class='ocrx_word' id='word_1_254' title='bbox 1308 2833 1388 2893; x_wconf 88' lang='lat' dir='ltr'><strong><em>Nam</em></strong></span> <span class='ocrx_word' id='word_1_255' title='bbox 1408 2835 1570 2912; x_wconf 82' lang='lat' dir='ltr'><strong><em>Neapolim</em></strong></span> <span class='ocrx_word' id='word_1_256' title='bbox 1584 2836 1632 2895; x_wconf 90' lang='lat' dir='ltr'><strong><em>ul-</em></strong></span> 
     </span>
     <span class='ocr_line' id='line_1_26' title="bbox 415 2928 1631 3008; baseline 0.005 -22"><span class='ocrx_word' id='word_1_257' title='bbox 415 2933 460 2988; x_wconf 87' lang='lat' dir='ltr'><strong><em>tro</em></strong></span> <span class='ocrx_word' id='word_1_258' title='bbox 475 2933 647 3008; x_wconf 84' lang='lat' dir='ltr'><strong><em>accersitus,</em></strong></span> <span class='ocrx_word' id='word_1_259' title='bbox 661 2934 693 2988; x_wconf 90' lang='lat' dir='ltr'><strong><em>ut</em></strong></span> <span class='ocrx_word' id='word_1_260' title='bbox 703 2931 871 3006; x_wconf 87' lang='lat' dir='ltr'><strong><em>praesentia</em></strong></span> <span class='ocrx_word' id='word_1_261' title='bbox 882 2928 996 3006; x_wconf 76' lang='lat' dir='ltr'><strong><em>sarnam</em></strong></span> <span class='ocrx_word' id='word_1_262' title='bbox 1009 2933 1153 3007; x_wconf 76' lang='lat' dir='ltr'><strong><em>intepret,</em></strong></span> <span class='ocrx_word' id='word_1_263' title='bbox 1169 2930 1326 2988; x_wconf 80' lang='lat' dir='ltr'><strong><em>aderentum</em></strong></span> <span class='ocrx_word' id='word_1_264' title='bbox 1342 2931 1478 3005; x_wconf 85' lang='lat' dir='ltr'><strong><em>spondet.</em></strong></span> <span class='ocrx_word' id='word_1_265' title='bbox 1497 2930 1535 2988; x_wconf 78' lang='lat' dir='ltr'><strong><em>At</em></strong></span> <span class='ocrx_word' id='word_1_266' title='bbox 1558 2936 1631 2992; x_wconf 78' lang='lat' dir='ltr'><strong><em>ente·</em></strong></span> 
     </span>
     <span class='ocr_line' id='line_1_27' title="bbox 415 3026 1636 3104; baseline 0 -19"><span class='ocrx_word' id='word_1_267' title='bbox 415 3029 474 3085; x_wconf 90' lang='lat' dir='ltr'><strong><em>rim</em></strong></span> <span class='ocrx_word' id='word_1_268' title='bbox 489 3026 653 3086; x_wconf 88' lang='lat' dir='ltr'><strong><em>carioribus</em></strong></span> <span class='ocrx_word' id='word_1_269' title='bbox 668 3030 814 3100; x_wconf 81' lang='lat' dir='ltr'><strong><em>corrosis,</em></strong></span> <span class='ocrx_word' id='word_1_270' title='bbox 835 3030 950 3102; x_wconf 88' lang='lat' dir='ltr'><strong><em>partim</em></strong></span> <span class='ocrx_word' id='word_1_271' title='bbox 959 3043 1016 3102; x_wconf 85' lang='lat' dir='ltr'><strong><em>por</em></strong></span> <span class='ocrx_word' id='word_1_272' title='bbox 1030 3029 1183 3086; x_wconf 83' lang='lat' dir='ltr'><strong><em>onerarias</em></strong></span> <span class='ocrx_word' id='word_1_273' title='bbox 1202 3042 1290 3086; x_wconf 85' lang='lat' dir='ltr'><strong><em>naues</em></strong></span> <span class='ocrx_word' id='word_1_274' title='bbox 1314 3030 1348 3086; x_wconf 89' lang='lat' dir='ltr'><strong><em>ia</em></strong></span> <span class='ocrx_word' id='word_1_275' title='bbox 1363 3029 1504 3087; x_wconf 86' lang='lat' dir='ltr'><strong><em>ditionem</em></strong></span> <span class='ocrx_word' id='word_1_276' title='bbox 1514 3028 1636 3104; x_wconf 73' lang='lat' dir='ltr'><strong><em>pontifi·</em></strong></span> 
     </span>
     <span class='ocr_line' id='line_1_28' title="bbox 365 3113 1637 3194; baseline 0.002 -18"><span class='ocrx_word' id='word_1_277' title='bbox 365 3141 368 3147; x_wconf 94' lang='lat'><em>·</em></span> <span class='ocrx_word' id='word_1_278' title='bbox 416 3121 493 3176; x_wconf 71' lang='lat' dir='ltr'><strong><em>dam</em></strong></span> <span class='ocrx_word' id='word_1_279' title='bbox 507 3119 636 3194; x_wconf 84' lang='lat' dir='ltr'><strong><em>trajecit,</em></strong></span> <span class='ocrx_word' id='word_1_280' title='bbox 645 3120 761 3193; x_wconf 87' lang='lat' dir='ltr'><strong><em>partim</em></strong></span> <span class='ocrx_word' id='word_1_281' title='bbox 775 3119 808 3174; x_wconf 84' lang='lat' dir='ltr'><strong><em>in</em></strong></span> <span class='ocrx_word' id='word_1_282' title='bbox 821 3119 931 3194; x_wconf 87' lang='lat' dir='ltr'><strong><em>oppido</em></strong></span> <span class='ocrx_word' id='word_1_283' title='bbox 950 3117 1036 3175; x_wconf 83' lang='lat' dir='ltr'><strong><em>Vasta</em></strong></span> <span class='ocrx_word' id='word_1_284' title='bbox 1048 3114 1182 3175; x_wconf 84' lang='lat' dir='ltr'><strong><em>occrtluit.</em></strong></span> <span class='ocrx_word' id='word_1_285' title='bbox 1199 3118 1256 3177; x_wconf 86' lang='lat' dir='ltr'><strong><em>Per</em></strong></span> <span class='ocrx_word' id='word_1_286' title='bbox 1269 3113 1322 3175; x_wconf 88' lang='lat' dir='ltr'><strong><em>bos</em></strong></span> <span class='ocrx_word' id='word_1_287' title='bbox 1342 3119 1407 3177; x_wconf 85' lang='lat' dir='ltr'><strong><em>dies</em></strong></span> <span class='ocrx_word' id='word_1_288' title='bbox 1421 3115 1545 3179; x_wconf 83' lang='lat' dir='ltr'><strong><em>Carolus</em></strong></span> <span class='ocrx_word' id='word_1_289' title='bbox 1558 3117 1637 3179; x_wconf 85' lang='lat' dir='ltr'><strong><em>Sun-</em></strong></span> 
     </span>
     <span class='ocr_line' id='line_1_29' title="bbox 413 3204 1631 3287; baseline 0.003 -21"><span class='ocrx_word' id='word_1_290' title='bbox 413 3211 495 3287; x_wconf 76' lang='lat' dir='ltr'><strong><em>prius</em></strong></span> <span class='ocrx_word' id='word_1_291' title='bbox 510 3206 563 3266; x_wconf 90' lang='lat' dir='ltr'><strong><em>sub</em></strong></span> <span class='ocrx_word' id='word_1_292' title='bbox 576 3211 727 3265; x_wconf 87' lang='lat' dir='ltr'><strong><em>tormentis</em></strong></span> <span class='ocrx_word' id='word_1_293' title='bbox 742 3204 779 3263; x_wconf 91' lang='lat' dir='ltr'><strong><em>ab</em></strong></span> <span class='ocrx_word' id='word_1_294' title='bbox 793 3223 860 3266; x_wconf 89' lang='lat' dir='ltr'><strong><em>arce</em></strong></span> <span class='ocrx_word' id='word_1_295' title='bbox 870 3206 1053 3280; x_wconf 89' lang='lat' dir='ltr'><strong><em>nutantibus,</em></strong></span> <span class='ocrx_word' id='word_1_296' title='bbox 1068 3211 1094 3267; x_wconf 86' lang='lat' dir='ltr'><strong><em>et</em></strong></span> <span class='ocrx_word' id='word_1_297' title='bbox 1116 3211 1190 3266; x_wconf 88' lang='lat' dir='ltr'><strong><em>inter</em></strong></span> <span class='ocrx_word' id='word_1_298' title='bbox 1200 3205 1311 3280; x_wconf 70' lang='lat' dir='ltr'><strong><em>infesta</em></strong></span> <span class='ocrx_word' id='word_1_299' title='bbox 1324 3207 1505 3283; x_wconf 71' lang='lat' dir='ltr'><strong><em>circumfusa</em></strong></span> <span class='ocrx_word' id='word_1_300' title='bbox 1518 3226 1606 3270; x_wconf 87' lang='lat' dir='ltr'><strong><em>armo</em></strong></span> <span class='ocrx_word' id='word_1_301' title='bbox 1623 3258 1631 3287; x_wconf 94' lang='lat'><strong><em>,</em></strong></span> 
     </span>
     <span class='ocr_line' id='line_1_30' title="bbox 412 3295 1636 3377; baseline 0.007 -25"><span class='ocrx_word' id='word_1_302' title='bbox 412 3296 498 3356; x_wconf 88' lang='lat' dir='ltr'><strong><em>nullo</em></strong></span> <span class='ocrx_word' id='word_1_303' title='bbox 511 3295 631 3373; x_wconf 79' lang='lat' dir='ltr'><strong><em>lupubri</em></strong></span> <span class='ocrx_word' id='word_1_304' title='bbox 644 3303 763 3374; x_wconf 89' lang='lat' dir='ltr'><strong><em>ornatu,</em></strong></span> <span class='ocrx_word' id='word_1_305' title='bbox 777 3303 803 3358; x_wconf 90' lang='lat' dir='ltr'><strong><em>et</em></strong></span> <span class='ocrx_word' id='word_1_306' title='bbox 817 3302 984 3374; x_wconf 80' lang='lat' dir='ltr'><strong><em>importuna</em></strong></span> <span class='ocrx_word' id='word_1_307' title='bbox 995 3297 1088 3370; x_wconf 88' lang='lat' dir='ltr'><strong><em>bora,</em></strong></span> <span class='ocrx_word' id='word_1_308' title='bbox 1105 3303 1202 3359; x_wconf 84' lang='lat' dir='ltr'><strong><em>securi</em></strong></span> <span class='ocrx_word' id='word_1_309' title='bbox 1211 3314 1382 3375; x_wconf 79' lang='lat' dir='ltr'><strong><em>percussus.</em></strong></span> <span class='ocrx_word' id='word_1_310' title='bbox 1397 3303 1586 3362; x_wconf 77' lang='lat' dir='ltr'><strong><em>centurionis</em></strong></span> <span class='ocrx_word' id='word_1_311' title='bbox 1594 3301 1636 3377; x_wconf 78' lang='lat' dir='ltr'><strong><em>fi·</em></strong></span> 
     </span>
     <span class='ocr_line' id='line_1_31' title="bbox 416 3390 1629 3472; baseline 0.004 -22"><span class='ocrx_word' id='word_1_312' title='bbox 416 3390 487 3465; x_wconf 89' lang='lat' dir='ltr'><strong><em>lius,</em></strong></span> <span class='ocrx_word' id='word_1_313' title='bbox 501 3395 655 3468; x_wconf 74' lang='lat' dir='ltr'><strong><em>proreptus</em></strong></span> <span class='ocrx_word' id='word_1_314' title='bbox 667 3397 786 3470; x_wconf 76' lang='lat' dir='ltr'><strong><em>euripo,</em></strong></span> <span class='ocrx_word' id='word_1_315' title='bbox 797 3390 999 3468; x_wconf 73' lang='lat' dir='ltr'><strong><em>interpolator,</em></strong></span> <span class='ocrx_word' id='word_1_316' title='bbox 1011 3410 1046 3450; x_wconf 86' lang='lat' dir='ltr'><strong><em>ac</em></strong></span> <span class='ocrx_word' id='word_1_317' title='bbox 1059 3392 1184 3452; x_wconf 86' lang='lat' dir='ltr'><strong><em>clauista</em></strong></span> <span class='ocrx_word' id='word_1_318' title='bbox 1198 3398 1356 3452; x_wconf 81' lang='lat' dir='ltr'><strong><em>intrassem</em></strong></span> <span class='ocrx_word' id='word_1_319' title='bbox 1370 3396 1442 3464; x_wconf 91' lang='lat' dir='ltr'><strong><em>acti,·</em></strong></span> <span class='ocrx_word' id='word_1_320' title='bbox 1466 3397 1513 3452; x_wconf 89' lang='lat' dir='ltr'><strong><em>uti</em></strong></span> <span class='ocrx_word' id='word_1_321' title='bbox 1520 3400 1629 3472; x_wconf 85' lang='lat' dir='ltr'><strong><em>paucis</em></strong></span> 
     </span>
     <span class='ocr_line' id='line_1_32' title="bbox 411 3480 1628 3558; baseline 0.003 -18"><span class='ocrx_word' id='word_1_322' title='bbox 411 3485 482 3557; x_wconf 92' lang='lat' dir='ltr'><strong><em>post</em></strong></span> <span class='ocrx_word' id='word_1_323' title='bbox 495 3480 597 3542; x_wconf 86' lang='lat' dir='ltr'><strong><em>diebus</em></strong></span> <span class='ocrx_word' id='word_1_324' title='bbox 618 3483 746 3545; x_wconf 75' lang='lat' dir='ltr'><strong><em>Aversue</em></strong></span> <span class='ocrx_word' id='word_1_325' title='bbox 766 3485 804 3544; x_wconf 84' lang='lat' dir='ltr'><strong><em>tle</em></strong></span> <span class='ocrx_word' id='word_1_326' title='bbox 818 3483 929 3542; x_wconf 84' lang='lat' dir='ltr'><strong><em>ductus</em></strong></span> <span class='ocrx_word' id='word_1_327' title='bbox 943 3482 1043 3542; x_wconf 87' lang='lat' dir='ltr'><strong><em>turbae</em></strong></span> <span class='ocrx_word' id='word_1_328' title='bbox 1056 3483 1099 3542; x_wconf 87' lang='lat' dir='ltr'><strong><em>ibi</em></strong></span> <span class='ocrx_word' id='word_1_329' title='bbox 1117 3481 1218 3558; x_wconf 84' lang='lat' dir='ltr'><strong><em>sactae</em></strong></span> <span class='ocrx_word' id='word_1_330' title='bbox 1242 3482 1410 3543; x_wconf 88' lang='lat' dir='ltr'><strong><em>auctoribus</em></strong></span> <span class='ocrx_word' id='word_1_331' title='bbox 1430 3484 1531 3542; x_wconf 83' lang='lat' dir='ltr'><strong><em>eadem</em></strong></span> <span class='ocrx_word' id='word_1_332' title='bbox 1545 3484 1628 3546; x_wconf 83' lang='lat' dir='ltr'><strong><em>edita</em></strong></span> 
     </span>
     <span class='ocr_line' id='line_1_33' title="bbox 415 3576 1627 3656; baseline 0.004 -20"><span class='ocrx_word' id='word_1_333' title='bbox 415 3576 565 3652; x_wconf 76' lang='lat' dir='ltr'><strong><em>coempta.</em></strong></span> <span class='ocrx_word' id='word_1_334' title='bbox 578 3577 651 3636; x_wconf 76' lang='lat' dir='ltr'><strong><em>Mon:</em></strong></span> <span class='ocrx_word' id='word_1_335' title='bbox 665 3578 701 3638; x_wconf 91' lang='lat' dir='ltr'><strong><em>ab</em></strong></span> <span class='ocrx_word' id='word_1_336' title='bbox 721 3579 870 3639; x_wconf 86' lang='lat' dir='ltr'><strong><em>Luclooico</em></strong></span> <span class='ocrx_word' id='word_1_337' title='bbox 886 3577 932 3638; x_wconf 87' lang='lat' dir='ltr'><strong><em>XI</em></strong></span> <span class='ocrx_word' id='word_1_338' title='bbox 939 3578 961 3636; x_wconf 89' lang='lat' dir='ltr'><em>V</em></span> <span class='ocrx_word' id='word_1_339' title='bbox 972 3578 1129 3656; x_wconf 69' lang='lat' dir='ltr'><strong><em>honorifice</em></strong></span> <span class='ocrx_word' id='word_1_340' title='bbox 1150 3578 1265 3655; x_wconf 77' lang='lat' dir='ltr'><strong><em>trorept</em></strong></span> <span class='ocrx_word' id='word_1_341' title='bbox 1278 3582 1491 3655; x_wconf 62' lang='lat' dir='ltr'><strong><em>rescripturum</em></strong></span> <span class='ocrx_word' id='word_1_342' title='bbox 1505 3581 1543 3640; x_wconf 84' lang='lat' dir='ltr'><strong><em>ale</em></strong></span> <span class='ocrx_word' id='word_1_343' title='bbox 1556 3597 1627 3641; x_wconf 89' lang='lat' dir='ltr'><strong><em>con·</em></strong></span> 
     </span>
     <span class='ocr_line' id='line_1_34' title="bbox 412 3672 1631 3751; baseline 0.007 -24"><span class='ocrx_word' id='word_1_344' title='bbox 412 3672 566 3747; x_wconf 80' lang='lat' dir='ltr'><strong><em>juratione</em></strong></span> <span class='ocrx_word' id='word_1_345' title='bbox 595 3672 632 3730; x_wconf 94' lang='lat' dir='ltr'><strong><em>ab</em></strong></span> <span class='ocrx_word' id='word_1_346' title='bbox 655 3690 688 3732; x_wconf 91' lang='lat' dir='ltr'><strong><em>eo</em></strong></span> <span class='ocrx_word' id='word_1_347' title='bbox 701 3676 822 3751; x_wconf 89' lang='lat' dir='ltr'><strong><em>detecta,</em></strong></span> <span class='ocrx_word' id='word_1_348' title='bbox 838 3677 866 3731; x_wconf 91' lang='lat' dir='ltr'><strong><em>et</em></strong></span> <span class='ocrx_word' id='word_1_349' title='bbox 875 3673 912 3731; x_wconf 87' lang='lat' dir='ltr'><strong><em>de</em></strong></span> <span class='ocrx_word' id='word_1_350' title='bbox 924 3672 1051 3732; x_wconf 89' lang='lat' dir='ltr'><strong><em>tumultu</em></strong></span> <span class='ocrx_word' id='word_1_351' title='bbox 1065 3677 1200 3751; x_wconf 77' lang='lat' dir='ltr'><strong><em>opimone</em></strong></span> <span class='ocrx_word' id='word_1_352' title='bbox 1211 3678 1292 3734; x_wconf 84' lang='lat' dir='ltr'><strong><em>ocius</em></strong></span> <span class='ocrx_word' id='word_1_353' title='bbox 1305 3673 1523 3750; x_wconf 80' lang='lat' dir='ltr'><strong><em>tranquillato,</em></strong></span> <span class='ocrx_word' id='word_1_354' title='bbox 1538 3675 1593 3736; x_wconf 91' lang='lat' dir='ltr'><strong><em>ubi</em></strong></span> <span class='ocrx_word' id='word_1_355' title='bbox 1602 3681 1631 3738; x_wconf 91' lang='lat' dir='ltr'><strong><em>et</em></strong></span> 
     </span>
     <span class='ocr_line' id='line_1_35' title="bbox 418 3760 1626 3842; baseline 0.005 -22"><span class='ocrx_word' id='word_1_356' title='bbox 418 3760 569 3822; x_wconf 85' lang='lat' dir='ltr'><strong><em>nobilitati</em></strong></span> <span class='ocrx_word' id='word_1_357' title='bbox 584 3767 740 3841; x_wconf 83' lang='lat' dir='ltr'><strong><em>ceterisque</em></strong></span> <span class='ocrx_word' id='word_1_358' title='bbox 754 3763 908 3824; x_wconf 78' lang='lat' dir='ltr'><strong><em>ordinibus</em></strong></span> <span class='ocrx_word' id='word_1_359' title='bbox 915 3762 989 3838; x_wconf 77' lang='lat' dir='ltr'><strong><em>fitlei</em></strong></span> <span class='ocrx_word' id='word_1_360' title='bbox 999 3765 1153 3826; x_wconf 78' lang='lat' dir='ltr'><strong><em>admixtae</em></strong></span> <span class='ocrx_word' id='word_1_361' title='bbox 1165 3768 1274 3842; x_wconf 77' lang='lat' dir='ltr'><strong><em>pratos.</em></strong></span> <span class='ocrx_word' id='word_1_362' title='bbox 1289 3763 1347 3826; x_wconf 87' lang='lat' dir='ltr'><strong><em>Sed</em></strong></span> <span class='ocrx_word' id='word_1_363' title='bbox 1355 3768 1383 3824; x_wconf 89' lang='lat' dir='ltr'><strong><em>et</em></strong></span> <span class='ocrx_word' id='word_1_364' title='bbox 1392 3765 1503 3824; x_wconf 79' lang='lat' dir='ltr'><strong><em>dictim</em></strong></span> <span class='ocrx_word' id='word_1_365' title='bbox 1512 3765 1626 3828; x_wconf 83' lang='lat' dir='ltr'><strong><em>adscri-</em></strong></span> 
     </span>
     <span class='ocr_line' id='line_1_36' title="bbox 412 3857 1629 3937; baseline 0.004 -25"><span class='ocrx_word' id='word_1_366' title='bbox 412 3858 467 3930; x_wconf 90' lang='lat' dir='ltr'><strong><em>pto</em></strong></span> <span class='ocrx_word' id='word_1_367' title='bbox 476 3858 649 3932; x_wconf 83' lang='lat' dir='ltr'><strong><em>admonitio,</em></strong></span> <span class='ocrx_word' id='word_1_368' title='bbox 662 3862 755 3937; x_wconf 87' lang='lat' dir='ltr'><strong><em>utjus</em></strong></span> <span class='ocrx_word' id='word_1_369' title='bbox 765 3857 863 3936; x_wconf 81' lang='lat' dir='ltr'><strong><em>placiti</em></strong></span> <span class='ocrx_word' id='word_1_370' title='bbox 873 3876 893 3917; x_wconf 86' lang='lat' dir='ltr'><strong><em>a</em></strong></span> <span class='ocrx_word' id='word_1_371' title='bbox 908 3858 1034 3936; x_wconf 77' lang='lat' dir='ltr'><strong><em>Sonprio</em></strong></span> <span class='ocrx_word' id='word_1_372' title='bbox 1044 3858 1249 3932; x_wconf 85' lang='lat' dir='ltr'><strong><em>abstineretur,·</em></strong></span> <span class='ocrx_word' id='word_1_373' title='bbox 1273 3859 1351 3921; x_wconf 89' lang='lat' dir='ltr'><strong><em>unde</em></strong></span> <span class='ocrx_word' id='word_1_374' title='bbox 1366 3860 1465 3936; x_wconf 88' lang='lat' dir='ltr'><strong><em>major</em></strong></span> <span class='ocrx_word' id='word_1_375' title='bbox 1477 3861 1629 3936; x_wconf 83' lang='lat' dir='ltr'><strong><em>damnati,</em></strong></span> 
     </span>
     <span class='ocr_line' id='line_1_37' title="bbox 412 3947 1631 4030; baseline 0.007 -28"><span class='ocrx_word' id='word_1_376' title='bbox 412 3947 541 4022; x_wconf 78' lang='lat' dir='ltr'><strong><em>quijam</em></strong></span> <span class='ocrx_word' id='word_1_377' title='bbox 550 3964 661 4023; x_wconf 89' lang='lat' dir='ltr'><strong><em>poenas</em></strong></span> <span class='ocrx_word' id='word_1_378' title='bbox 677 3951 874 4026; x_wconf 74' lang='lat' dir='ltr'><strong><em>persolverat,</em></strong></span> <span class='ocrx_word' id='word_1_379' title='bbox 887 3952 1047 4010; x_wconf 87' lang='lat' dir='ltr'><strong><em>miseratio.</em></strong></span> <span class='ocrx_word' id='word_1_380' title='bbox 1065 3949 1146 4010; x_wconf 88' lang='lat' dir='ltr'><strong><em>Inter</em></strong></span> <span class='ocrx_word' id='word_1_381' title='bbox 1160 3950 1233 4010; x_wconf 85' lang='lat' dir='ltr'><strong><em>baec</em></strong></span> <span class='ocrx_word' id='word_1_382' title='bbox 1249 3956 1410 4030; x_wconf 78' lang='lat' dir='ltr'><strong><em>capuanus</em></strong></span> <span class='ocrx_word' id='word_1_383' title='bbox 1435 3954 1560 4026; x_wconf 76' lang='lat' dir='ltr'><strong><em>sapitis.</em></strong></span> <span class='ocrx_word' id='word_1_384' title='bbox 1576 3957 1631 4029; x_wconf 83' lang='lat' dir='ltr'><strong><em>qui</em></strong></span> 
     </span>
     <span class='ocr_line' id='line_1_38' title="bbox 410 4034 1625 4122; baseline 0.009 -30"><span class='ocrx_word' id='word_1_385' title='bbox 410 4034 463 4093; x_wconf 87' lang='lat' dir='ltr'><strong><em>ubi</em></strong></span> <span class='ocrx_word' id='word_1_386' title='bbox 480 4038 582 4097; x_wconf 85' lang='lat' dir='ltr'><strong><em>Soram</em></strong></span> <span class='ocrx_word' id='word_1_387' title='bbox 601 4044 735 4114; x_wconf 82' lang='lat' dir='ltr'><strong><em>peruenit</em></strong></span> <span class='ocrx_word' id='word_1_388' title='bbox 748 4086 756 4116; x_wconf 93' lang='lat'><strong><em>,</em></strong></span> <span class='ocrx_word' id='word_1_389' title='bbox 770 4045 858 4120; x_wconf 81' lang='lat' dir='ltr'><strong><em>rcpni</em></strong></span> <span class='ocrx_word' id='word_1_390' title='bbox 868 4049 979 4119; x_wconf 88' lang='lat' dir='ltr'><strong><em>putans</em></strong></span> <span class='ocrx_word' id='word_1_391' title='bbox 992 4046 1151 4103; x_wconf 75' lang='lat' dir='ltr'><strong><em>excessisse</em></strong></span> <span class='ocrx_word' id='word_1_392' title='bbox 1162 4042 1237 4118; x_wconf 79' lang='lat' dir='ltr'><strong><em>fines</em></strong></span> <span class='ocrx_word' id='word_1_393' title='bbox 1251 4087 1259 4122; x_wconf 86' lang='lat'><strong><em>,</em></strong></span> <span class='ocrx_word' id='word_1_394' title='bbox 1273 4044 1317 4103; x_wconf 85' lang='lat' dir='ltr'><strong><em>ibi</em></strong></span> <span class='ocrx_word' id='word_1_395' title='bbox 1326 4060 1381 4120; x_wconf 91' lang='lat' dir='ltr'><strong><em>per</em></strong></span> <span class='ocrx_word' id='word_1_396' title='bbox 1404 4049 1464 4103; x_wconf 86' lang='lat' dir='ltr'><strong><em>vim</em></strong></span> <span class='ocrx_word' id='word_1_397' title='bbox 1479 4060 1499 4101; x_wconf 92' lang='lat' dir='ltr'><strong><em>a</em></strong></span> <span class='ocrx_word' id='word_1_398' title='bbox 1513 4048 1625 4103; x_wconf 91' lang='lat' dir='ltr'><strong><em>rustico</em></strong></span> 
     </span>
     <span class='ocr_line' id='line_1_39' title="bbox 409 4131 1630 4215; baseline 0.01 -29"><span class='ocrx_word' id='word_1_399' title='bbox 409 4145 497 4203; x_wconf 84' lang='lat' dir='ltr'><strong><em>equos</em></strong></span> <span class='ocrx_word' id='word_1_400' title='bbox 510 4135 543 4188; x_wconf 89' lang='lat' dir='ltr'><strong><em>in</em></strong></span> <span class='ocrx_word' id='word_1_401' title='bbox 556 4131 706 4211; x_wconf 85' lang='lat' dir='ltr'><strong><em>reliquum</em></strong></span> <span class='ocrx_word' id='word_1_402' title='bbox 727 4134 820 4214; x_wconf 75' lang='lat' dir='ltr'><strong><em>suque</em></strong></span> <span class='ocrx_word' id='word_1_403' title='bbox 833 4136 952 4214; x_wconf 76' lang='lat' dir='ltr'><strong><em>abepit3</em></strong></span> <span class='ocrx_word' id='word_1_404' title='bbox 967 4135 1152 4214; x_wconf 83' lang='lat' dir='ltr'><strong><em>quomobrem</em></strong></span> <span class='ocrx_word' id='word_1_405' title='bbox 1170 4140 1256 4200; x_wconf 89' lang='lat' dir='ltr'><strong><em>turba</em></strong></span> <span class='ocrx_word' id='word_1_406' title='bbox 1269 4139 1374 4215; x_wconf 73' lang='lat' dir='ltr'><strong><em>sactu,</em></strong></span> <span class='ocrx_word' id='word_1_407' title='bbox 1394 4143 1523 4212; x_wconf 83' lang='lat' dir='ltr'><strong><em>nataque</em></strong></span> <span class='ocrx_word' id='word_1_408' title='bbox 1549 4141 1630 4198; x_wconf 87' lang='lat' dir='ltr'><strong><em>inter</em></strong></span> 
     </span>
     <span class='ocr_line' id='line_1_40' title="bbox 412 4227 1629 4313; baseline 0.01 -32"><span class='ocrx_word' id='word_1_409' title='bbox 412 4227 577 4299; x_wconf 89' lang='lat' dir='ltr'><strong><em>oppidanos</em></strong></span> <span class='ocrx_word' id='word_1_410' title='bbox 589 4227 673 4303; x_wconf 72' lang='lat' dir='ltr'><strong><em>sarna</em></strong></span> <span class='ocrx_word' id='word_1_411' title='bbox 692 4233 916 4293; x_wconf 86' lang='lat' dir='ltr'><strong><em>Gambaaurtam</em></strong></span> <span class='ocrx_word' id='word_1_412' title='bbox 929 4231 1043 4302; x_wconf 87' lang='lat' dir='ltr'><strong><em>adesse,</em></strong></span> <span class='ocrx_word' id='word_1_413' title='bbox 1055 4239 1206 4310; x_wconf 86' lang='lat' dir='ltr'><strong><em>eruptione</em></strong></span> <span class='ocrx_word' id='word_1_414' title='bbox 1219 4237 1255 4296; x_wconf 95' lang='lat' dir='ltr'><strong><em>ab</em></strong></span> <span class='ocrx_word' id='word_1_415' title='bbox 1271 4235 1381 4313; x_wconf 89' lang='lat' dir='ltr'><strong><em>oppido</em></strong></span> <span class='ocrx_word' id='word_1_416' title='bbox 1393 4232 1489 4310; x_wconf 74' lang='lat' dir='ltr'><strong><em>sactu,</em></strong></span> <span class='ocrx_word' id='word_1_417' title='bbox 1513 4232 1551 4293; x_wconf 87' lang='lat' dir='ltr'><strong><em>ab</em></strong></span> <span class='ocrx_word' id='word_1_418' title='bbox 1566 4233 1629 4293; x_wconf 79' lang='lat' dir='ltr'><strong><em>An·</em></strong></span> 
     </span>
     <span class='ocr_line' id='line_1_41' title="bbox 407 4317 1627 4402; baseline 0.011 -31"><span class='ocrx_word' id='word_1_419' title='bbox 407 4317 488 4373; x_wconf 87' lang='lat' dir='ltr'><strong><em>ionio</em></strong></span> <span class='ocrx_word' id='word_1_420' title='bbox 502 4317 731 4400; x_wconf 78' lang='lat' dir='ltr'><strong><em>Boacompapno</em></strong></span> <span class='ocrx_word' id='word_1_421' title='bbox 750 4328 913 4384; x_wconf 86' lang='lat' dir='ltr'><strong><em>necessario</em></strong></span> <span class='ocrx_word' id='word_1_422' title='bbox 932 4339 986 4383; x_wconf 89' lang='lat' dir='ltr'><strong><em>suo</em></strong></span> <span class='ocrx_word' id='word_1_423' title='bbox 1000 4324 1239 4402; x_wconf 81' lang='lat' dir='ltr'><strong><em>comprobentur.</em></strong></span> <span class='ocrx_word' id='word_1_424' title='bbox 1254 4327 1327 4387; x_wconf 80' lang='lat' dir='ltr'><strong><em>Mors</em></strong></span> <span class='ocrx_word' id='word_1_425' title='bbox 1346 4326 1448 4386; x_wconf 79' lang='lat' dir='ltr'><strong><em>Marco</em></strong></span> <span class='ocrx_word' id='word_1_426' title='bbox 1479 4323 1627 4401; x_wconf 76' lang='lat' dir='ltr'><strong><em>Gurofalo</em></strong></span> 
     </span>
     <span class='ocr_line' id='line_1_42' title="bbox 408 4405 1633 4500; baseline 0.011 -33"><span class='ocrx_word' id='word_1_427' title='bbox 408 4410 450 4468; x_wconf 88' lang='lat' dir='ltr'><strong><em>ad</em></strong></span> <span class='ocrx_word' id='word_1_428' title='bbox 462 4405 535 4468; x_wconf 88' lang='lat' dir='ltr'><strong><em>baec</em></strong></span> <span class='ocrx_word' id='word_1_429' title='bbox 558 4416 756 4478; x_wconf 79' lang='lat' dir='ltr'><strong><em>intervenienti</em></strong></span> <span class='ocrx_word' id='word_1_430' title='bbox 771 4421 895 4480; x_wconf 84' lang='lat' dir='ltr'><strong><em>traditus</em></strong></span> <span class='ocrx_word' id='word_1_431' title='bbox 906 4424 937 4479; x_wconf 88' lang='lat' dir='ltr'><strong><em>in</em></strong></span> <span class='ocrx_word' id='word_1_432' title='bbox 954 4408 1072 4500; x_wconf 55' lang='lat' dir='ltr'><strong><em>Captae</em></strong></span> <span class='ocrx_word' id='word_1_433' title='bbox 1085 4438 1181 4481; x_wconf 90' lang='lat' dir='ltr'><strong><em>arcem</em></strong></span> <span class='ocrx_word' id='word_1_434' title='bbox 1192 4423 1294 4482; x_wconf 85' lang='lat' dir='ltr'><strong><em>ductus</em></strong></span> <span class='ocrx_word' id='word_1_435' title='bbox 1306 4425 1348 4483; x_wconf 90' lang='lat' dir='ltr'><strong><em>est</em></strong></span> <span class='ocrx_word' id='word_1_436' title='bbox 1361 4421 1545 4480; x_wconf 79' lang='lat' dir='ltr'><strong><em>crustoditum.</em></strong></span> <span class='ocrx_word' id='word_1_437' title='bbox 1559 4418 1633 4480; x_wconf 82' lang='lat' dir='ltr'><strong><em>inte</em></strong></span> 
     </span>
     <span class='ocr_line' id='line_1_43' title="bbox 406 4502 1634 4597; baseline 0.014 -36"><span class='ocrx_word' id='word_1_438' title='bbox 406 4502 559 4583; x_wconf 86' lang='lat' dir='ltr'><strong><em>Neapolim</em></strong></span> <span class='ocrx_word' id='word_1_439' title='bbox 571 4513 602 4567; x_wconf 90' lang='lat' dir='ltr'><strong><em>in</em></strong></span> <span class='ocrx_word' id='word_1_440' title='bbox 615 4512 764 4573; x_wconf 85' lang='lat' dir='ltr'><strong><em>castellam</em></strong></span> <span class='ocrx_word' id='word_1_441' title='bbox 781 4515 838 4573; x_wconf 84' lang='lat' dir='ltr'><strong><em>Ori</em></strong></span> <span class='ocrx_word' id='word_1_442' title='bbox 848 4517 956 4575; x_wconf 82' lang='lat' dir='ltr'><strong><em>aliatum</em></strong></span> <span class='ocrx_word' id='word_1_443' title='bbox 965 4516 1075 4597; x_wconf 84' lang='lat' dir='ltr'><strong><em>majori</em></strong></span> <span class='ocrx_word' id='word_1_444' title='bbox 1085 4524 1154 4578; x_wconf 87' lang='lat' dir='ltr'><strong><em>nuci</em></strong></span> <span class='ocrx_word' id='word_1_445' title='bbox 1166 4523 1356 4593; x_wconf 85' lang='lat' dir='ltr'><strong><em>transuectus,</em></strong></span> <span class='ocrx_word' id='word_1_446' title='bbox 1366 4516 1463 4594; x_wconf 84' lang='lat' dir='ltr'><strong><em>ibique</em></strong></span> <span class='ocrx_word' id='word_1_447' title='bbox 1474 4533 1493 4574; x_wconf 89' lang='lat' dir='ltr'><strong><em>a</em></strong></span> <span class='ocrx_word' id='word_1_448' title='bbox 1508 4515 1634 4596; x_wconf 78' lang='lat' dir='ltr'><strong><em>Prorepe</em></strong></span> 
     </span>
     <span class='ocr_line' id='line_1_44' title="bbox 406 4599 1632 4688; baseline 0.015 -33"><span class='ocrx_word' id='word_1_449' title='bbox 406 4599 561 4673; x_wconf 83' lang='lat' dir='ltr'><strong><em>splendide</em></strong></span> <span class='ocrx_word' id='word_1_450' title='bbox 573 4604 700 4668; x_wconf 81' lang='lat' dir='ltr'><strong><em>babitus.</em></strong></span> <span class='ocrx_word' id='word_1_451' title='bbox 718 4606 772 4666; x_wconf 81' lang='lat' dir='ltr'><strong><em>Per</em></strong></span> <span class='ocrx_word' id='word_1_452' title='bbox 785 4610 818 4668; x_wconf 83' lang='lat' dir='ltr'><strong><em>irl</em></strong></span> <span class='ocrx_word' id='word_1_453' title='bbox 831 4613 941 4686; x_wconf 78' lang='lat' dir='ltr'><strong><em>tmnpus</em></strong></span> <span class='ocrx_word' id='word_1_454' title='bbox 954 4617 1121 4687; x_wconf 75' lang='lat' dir='ltr'><strong><em>pennarum</em></strong></span> <span class='ocrx_word' id='word_1_455' title='bbox 1134 4629 1218 4672; x_wconf 87' lang='lat' dir='ltr'><strong><em>orma</em></strong></span> <span class='ocrx_word' id='word_1_456' title='bbox 1229 4629 1283 4688; x_wconf 87' lang='lat' dir='ltr'><strong><em>per</em></strong></span> <span class='ocrx_word' id='word_1_457' title='bbox 1299 4613 1378 4673; x_wconf 88' lang='lat' dir='ltr'><strong><em>Vasti</em></strong></span> <span class='ocrx_word' id='word_1_458' title='bbox 1390 4612 1527 4671; x_wconf 71' lang='lat' dir='ltr'><strong><em>ditionem</em></strong></span> <span class='ocrx_word' id='word_1_459' title='bbox 1539 4614 1574 4671; x_wconf 86' lang='lat' dir='ltr'><strong><em>in</em></strong></span> <span class='ocrx_word' id='word_1_460' title='bbox 1587 4632 1632 4673; x_wconf 89' lang='lat' dir='ltr'><strong><em>re·</em></strong></span> 
     </span>
     <span class='ocr_line' id='line_1_45' title="bbox 403 4697 1629 4784; baseline 0.015 -32"><span class='ocrx_word' id='word_1_461' title='bbox 403 4711 490 4768; x_wconf 76' lang='lat' dir='ltr'><strong><em>parcnt</em></strong></span> <span class='ocrx_word' id='word_1_462' title='bbox 504 4697 658 4772; x_wconf 75' lang='lat' dir='ltr'><strong><em>inseranda</em></strong></span> <span class='ocrx_word' id='word_1_463' title='bbox 673 4721 713 4762; x_wconf 76' lang='lat' dir='ltr'><strong><em>etr</em></strong></span> <span class='ocrx_word' id='word_1_464' title='bbox 730 4700 919 4781; x_wconf 75' lang='lat' dir='ltr'><strong><em>Cbnsss&#39;purto</em></strong></span> <span class='ocrx_word' id='word_1_465' title='bbox 932 4709 1077 4767; x_wconf 86' lang='lat' dir='ltr'><strong><em>rescitum.</em></strong></span> <span class='ocrx_word' id='word_1_466' title='bbox 1094 4706 1187 4784; x_wconf 80' lang='lat' dir='ltr'><strong><em>Ipitur</em></strong></span> <span class='ocrx_word' id='word_1_467' title='bbox 1200 4725 1233 4766; x_wconf 90' lang='lat' dir='ltr'><strong><em>eo</em></strong></span> <span class='ocrx_word' id='word_1_468' title='bbox 1245 4707 1415 4769; x_wconf 82' lang='lat' dir='ltr'><strong><em>Emmanuel</em></strong></span> <span class='ocrx_word' id='word_1_469' title='bbox 1428 4707 1564 4771; x_wconf 78' lang='lat' dir='ltr'><strong><em>Lassata</em></strong></span> <span class='ocrx_word' id='word_1_470' title='bbox 1576 4718 1629 4770; x_wconf 86' lang='lat' dir='ltr'><strong><em>mi·</em></strong></span> 
     </span>
    </p>
   </div>
   <div class='ocr_carea' id='block_1_4' title="bbox 0 0 1976 5592">
    <p class='ocr_par' dir='ltr' id='par_1_4' title="bbox 0 0 1976 5592">
     <span class='ocr_line' id='line_1_46' title="bbox 0 0 1976 5592; baseline 0 6"><span class='ocrx_word' id='word_1_471' title='bbox 0 0 1976 5592; x_wconf 95' lang='lat' dir='ltr'><strong><em> </em></strong></span> 
     </span>
    </p>
   </div>
  </div>
 </body>
</html>
