<?xml version="1.0" encoding="UTF-8"?>
<!DOCTYPE html PUBLIC "-//W3C//DTD XHTML 1.0 Transitional//EN"
    "http://www.w3.org/TR/xhtml1/DTD/xhtml1-transitional.dtd">
<html xmlns="http://www.w3.org/1999/xhtml" xml:lang="en" lang="en">
 <head>
  <title>
</title>
<meta http-equiv="Content-Type" content="text/html;charset=utf-8" />
  <meta name='ocr-system' content='tesseract 3.04.00' />
  <meta name='ocr-capabilities' content='ocr_page ocr_carea ocr_par ocr_line ocrx_word'/>
</head>
<body>
  <div class='ocr_page' id='page_1' title='image "./operedigiambatt01ferrgoog_0495.png"; bbox 0 0 3942 5592; ppageno 0'>
   <div class='ocr_carea' id='block_1_1' title="bbox 493 500 532 557">
    <p class='ocr_par' dir='ltr' id='par_1_1' title="bbox 493 500 532 557">
     <span class='ocr_line' id='line_1_1' title="bbox 493 500 532 557; baseline 0.026 -1"><span class='ocrx_word' id='word_1_1' title='bbox 493 500 532 557; x_wconf 81' lang='lat'><strong><em>90</em></strong></span> 
     </span>
    </p>
   </div>
   <div class='ocr_carea' id='block_1_2' title="bbox 458 603 1669 1567">
    <p class='ocr_par' dir='ltr' id='par_1_2' title="bbox 458 603 1669 1567">
     <span class='ocr_line' id='line_1_2' title="bbox 462 603 1667 684; baseline -0.001 -19"><span class='ocrx_word' id='word_1_2' title='bbox 462 613 495 668; x_wconf 86' lang='lat' dir='ltr'><strong><em>in</em></strong></span> <span class='ocrx_word' id='word_1_3' title='bbox 510 610 638 669; x_wconf 84' lang='lat' dir='ltr'><strong><em>cuiusvis</em></strong></span> <span class='ocrx_word' id='word_1_4' title='bbox 652 605 783 684; x_wconf 75' lang='lat' dir='ltr'><strong><em>syllabae</em></strong></span> <span class='ocrx_word' id='word_1_5' title='bbox 797 608 960 681; x_wconf 84' lang='lat' dir='ltr'><strong><em>quantitate</em></strong></span> <span class='ocrx_word' id='word_1_6' title='bbox 970 609 1137 681; x_wconf 85' lang='lat' dir='ltr'><strong><em>peccarent.</em></strong></span> <span class='ocrx_word' id='word_1_7' title='bbox 1151 603 1213 664; x_wconf 88' lang='lat' dir='ltr'><strong><em>Nos</em></strong></span> <span class='ocrx_word' id='word_1_8' title='bbox 1225 608 1323 666; x_wconf 89' lang='lat' dir='ltr'><strong><em>autem</em></strong></span> <span class='ocrx_word' id='word_1_9' title='bbox 1334 607 1529 681; x_wconf 69' lang='lat' dir='ltr'><strong><em>quantitatem</em></strong></span> <span class='ocrx_word' id='word_1_10' title='bbox 1538 608 1596 665; x_wconf 78' lang='lat' dir='ltr'><strong><em>eie</em></strong></span> <span class='ocrx_word' id='word_1_11' title='bbox 1615 620 1667 680; x_wconf 92' lang='lat' dir='ltr'><strong><em>pe·</em></strong></span> 
     </span>
     <span class='ocr_line' id='line_1_3' title="bbox 462 683 1669 764; baseline -0.007 -13"><span class='ocrx_word' id='word_1_12' title='bbox 462 691 604 751; x_wconf 78' lang='lat' dir='ltr'><strong><em>nulttnee</em></strong></span> <span class='ocrx_word' id='word_1_13' title='bbox 614 691 647 745; x_wconf 91' lang='lat' dir='ltr'><strong><em>in</em></strong></span> <span class='ocrx_word' id='word_1_14' title='bbox 660 685 777 756; x_wconf 80' lang='lat' dir='ltr'><strong><em>ceribus</em></strong></span> <span class='ocrx_word' id='word_1_15' title='bbox 789 690 944 745; x_wconf 69' lang='lat' dir='ltr'><strong><em>minimum</em></strong></span> <span class='ocrx_word' id='word_1_16' title='bbox 958 683 1124 764; x_wconf 77' lang='lat' dir='ltr'><strong><em>trisyllaba</em></strong></span> <span class='ocrx_word' id='word_1_17' title='bbox 1138 687 1289 747; x_wconf 87' lang='lat' dir='ltr'><strong><em>sentimus.</em></strong></span> <span class='ocrx_word' id='word_1_18' title='bbox 1313 683 1419 744; x_wconf 74' lang='lat' dir='ltr'><strong><em>latini</em></strong></span> <span class='ocrx_word' id='word_1_19' title='bbox 1430 684 1580 763; x_wconf 74' lang='lat' dir='ltr'><strong><em>duplicem</em></strong></span> <span class='ocrx_word' id='word_1_20' title='bbox 1601 685 1669 745; x_wconf 90' lang='lat' dir='ltr'><strong><em>ede·</em></strong></span> 
     </span>
     <span class='ocr_line' id='line_1_4' title="bbox 461 763 1669 844; baseline -0.002 -12"><span class='ocrx_word' id='word_1_21' title='bbox 461 771 528 831; x_wconf 82' lang='lat' dir='ltr'><strong><em>bant</em></strong></span> <span class='ocrx_word' id='word_1_22' title='bbox 541 783 657 843; x_wconf 85' lang='lat' dir='ltr'><strong><em>sonum,</em></strong></span> <span class='ocrx_word' id='word_1_23' title='bbox 672 781 736 825; x_wconf 85' lang='lat' dir='ltr'><strong><em>runt</em></strong></span> <span class='ocrx_word' id='word_1_24' title='bbox 751 763 930 843; x_wconf 83' lang='lat' dir='ltr'><strong><em>dipltenqes</em></strong></span> <span class='ocrx_word' id='word_1_25' title='bbox 943 782 989 844; x_wconf 84' lang='lat' dir='ltr'><strong><em>ee,</em></strong></span> <span class='ocrx_word' id='word_1_26' title='bbox 1003 782 1039 826; x_wconf 89' lang='lat' dir='ltr'><strong><em>oe</em></strong></span> <span class='ocrx_word' id='word_1_27' title='bbox 1045 764 1313 843; x_wconf 81' lang='lat' dir='ltr'><strong><em>prenunciabant,-</em></strong></span> <span class='ocrx_word' id='word_1_28' title='bbox 1327 782 1380 826; x_wconf 85' lang='lat' dir='ltr'><strong><em>nos</em></strong></span> <span class='ocrx_word' id='word_1_29' title='bbox 1394 770 1427 825; x_wconf 89' lang='lat' dir='ltr'><strong><em>ut</em></strong></span> <span class='ocrx_word' id='word_1_30' title='bbox 1437 767 1535 828; x_wconf 84' lang='lat' dir='ltr'><strong><em>nudas</em></strong></span> <span class='ocrx_word' id='word_1_31' title='bbox 1551 765 1669 830; x_wconf 84' lang='lat' dir='ltr'><strong><em>uocales</em></strong></span> 
     </span>
     <span class='ocr_line' id='line_1_5' title="bbox 459 843 1668 924; baseline -0.007 -14"><span class='ocrx_word' id='word_1_32' title='bbox 459 852 626 910; x_wconf 71' lang='lat' dir='ltr'><strong><em>emittimus.</em></strong></span> <span class='ocrx_word' id='word_1_33' title='bbox 644 847 747 906; x_wconf 86' lang='lat' dir='ltr'><strong><em>Latini</em></strong></span> <span class='ocrx_word' id='word_1_34' title='bbox 760 849 925 906; x_wconf 84' lang='lat' dir='ltr'><strong><em>lestirrrenio</em></strong></span> <span class='ocrx_word' id='word_1_35' title='bbox 942 848 1090 908; x_wconf 75' lang='lat' dir='ltr'><em>Ciceronis</em></span> <span class='ocrx_word' id='word_1_36' title='bbox 1101 843 1242 920; x_wconf 79' lang='lat' dir='ltr'><strong><em>eccetan,</em></strong></span> <span class='ocrx_word' id='word_1_37' title='bbox 1254 861 1331 924; x_wconf 87' lang='lat' dir='ltr'><strong><em>qaae</em></strong></span> <span class='ocrx_word' id='word_1_38' title='bbox 1341 844 1496 906; x_wconf 79' lang='lat' dir='ltr'><strong><em>claudebat</em></strong></span> <span class='ocrx_word' id='word_1_39' title='bbox 1512 861 1606 904; x_wconf 87' lang='lat' dir='ltr'><strong><em>unam</em></strong></span> <span class='ocrx_word' id='word_1_40' title='bbox 1618 859 1668 905; x_wconf 82' lang='lat' dir='ltr'><strong><em>eo·</em></strong></span> 
     </span>
     <span class='ocr_line' id='line_1_6' title="bbox 459 920 1667 1007; baseline -0.002 -19"><span class='ocrx_word' id='word_1_41' title='bbox 459 947 532 1007; x_wconf 81' lang='lat' dir='ltr'><strong><em>cem,</em></strong></span> <span class='ocrx_word' id='word_1_42' title='bbox 546 932 712 1003; x_wconf 74' lang='lat' dir='ltr'><strong><em>insequente</em></strong></span> <span class='ocrx_word' id='word_1_43' title='bbox 724 926 786 986; x_wconf 90' lang='lat' dir='ltr'><strong><em>alia</em></strong></span> <span class='ocrx_word' id='word_1_44' title='bbox 797 943 876 1002; x_wconf 85' lang='lat' dir='ltr'><strong><em>voce,</em></strong></span> <span class='ocrx_word' id='word_1_45' title='bbox 890 943 967 1003; x_wconf 90' lang='lat' dir='ltr'><strong><em>quoe</em></strong></span> <span class='ocrx_word' id='word_1_46' title='bbox 980 931 1049 986; x_wconf 88' lang='lat' dir='ltr'><strong><em>item</em></strong></span> <span class='ocrx_word' id='word_1_47' title='bbox 1062 943 1082 983; x_wconf 90' lang='lat' dir='ltr'><strong><em>a</em></strong></span> <span class='ocrx_word' id='word_1_48' title='bbox 1091 920 1191 986; x_wconf 82' lang='lat' dir='ltr'><strong><em>cocali</em></strong></span> <span class='ocrx_word' id='word_1_49' title='bbox 1205 927 1358 1003; x_wconf 69' lang='lat' dir='ltr'><strong><em>imperet,</em></strong></span> <span class='ocrx_word' id='word_1_50' title='bbox 1369 931 1402 984; x_wconf 92' lang='lat' dir='ltr'><strong><em>ut</em></strong></span> <span class='ocrx_word' id='word_1_51' title='bbox 1412 942 1465 987; x_wconf 85' lang='lat' dir='ltr'><strong><em>nas</em></strong></span> <span class='ocrx_word' id='word_1_52' title='bbox 1480 924 1562 1001; x_wconf 84' lang='lat' dir='ltr'><strong><em>itali,</em></strong></span> <span class='ocrx_word' id='word_1_53' title='bbox 1576 925 1667 985; x_wconf 89' lang='lat' dir='ltr'><strong><em>elide·</em></strong></span> 
     </span>
     <span class='ocr_line' id='line_1_7' title="bbox 458 1005 1669 1084; baseline -0.002 -16"><span class='ocrx_word' id='word_1_54' title='bbox 458 1010 541 1078; x_wconf 74' lang='lat' dir='ltr'><strong><em>brente</em></strong></span> <span class='ocrx_word' id='word_1_55' title='bbox 557 1011 732 1084; x_wconf 87' lang='lat' dir='ltr'><strong><em>quinimmo</em></strong></span> <span class='ocrx_word' id='word_1_56' title='bbox 749 1010 910 1068; x_wconf 79' lang='lat' dir='ltr'><strong><em>dictionum</em></strong></span> <span class='ocrx_word' id='word_1_57' title='bbox 919 1011 954 1066; x_wconf 89' lang='lat' dir='ltr'><strong><em>in</em></strong></span> <span class='ocrx_word' id='word_1_58' title='bbox 963 1019 996 1063; x_wconf 89' lang='lat' dir='ltr'><strong><em>m</em></strong></span> <span class='ocrx_word' id='word_1_59' title='bbox 1008 1006 1176 1066; x_wconf 82' lang='lat' dir='ltr'><strong><em>cadentium</em></strong></span> <span class='ocrx_word' id='word_1_60' title='bbox 1187 1009 1442 1083; x_wconf 65' lang='lat' dir='ltr'><strong><em>imminenteque,</em></strong></span> <span class='ocrx_word' id='word_1_61' title='bbox 1454 1022 1543 1080; x_wconf 89' lang='lat' dir='ltr'><strong><em>quam</em></strong></span> <span class='ocrx_word' id='word_1_62' title='bbox 1556 1005 1669 1065; x_wconf 82' lang='lat' dir='ltr'><strong><em>coeatis</em></strong></span> 
     </span>
     <span class='ocr_line' id='line_1_8' title="bbox 459 1082 1662 1243; baseline -0.006 -13"><span class='ocrx_word' id='word_1_63' title='bbox 459 1082 1662 1243; x_wconf 50' lang='lat' dir='ltr'><strong><em>illiti‘stitit‘lltrtlttlntllttastitistis</em></strong></span> 
     </span>
     <span class='ocr_line' id='line_1_9' title="bbox 462 1245 1663 1324; baseline -0.003 -16"><span class='ocrx_word' id='word_1_64' title='bbox 462 1254 585 1308; x_wconf 84' lang='lat' dir='ltr'><strong><em>seretur.</em></strong></span> <span class='ocrx_word' id='word_1_65' title='bbox 603 1246 698 1307; x_wconf 89' lang='lat' dir='ltr'><strong><em>Hodie</em></strong></span> <span class='ocrx_word' id='word_1_66' title='bbox 713 1245 841 1307; x_wconf 79' lang='lat' dir='ltr'><strong><em>barbaro</em></strong></span> <span class='ocrx_word' id='word_1_67' title='bbox 851 1247 1009 1324; x_wconf 83' lang='lat' dir='ltr'><strong><em>prouerbio</em></strong></span> <span class='ocrx_word' id='word_1_68' title='bbox 1020 1247 1061 1306; x_wconf 88' lang='lat' dir='ltr'><strong><em>ad</em></strong></span> <span class='ocrx_word' id='word_1_69' title='bbox 1073 1247 1296 1324; x_wconf 76' lang='lat' dir='ltr'><strong><em>siqnifieandam</em></strong></span> <span class='ocrx_word' id='word_1_70' title='bbox 1306 1245 1422 1306; x_wconf 89' lang='lat' dir='ltr'><strong><em>nullam</em></strong></span> <span class='ocrx_word' id='word_1_71' title='bbox 1440 1248 1574 1307; x_wconf 75' lang='lat' dir='ltr'><strong><em>atienae</em></strong></span> <span class='ocrx_word' id='word_1_72' title='bbox 1592 1262 1663 1322; x_wconf 87' lang='lat' dir='ltr'><strong><em>pre·</em></strong></span> 
     </span>
     <span class='ocr_line' id='line_1_10' title="bbox 461 1322 1662 1404; baseline -0.004 -16"><span class='ocrx_word' id='word_1_73' title='bbox 461 1336 549 1400; x_wconf 83' lang='lat' dir='ltr'><strong><em>erunt,</em></strong></span> <span class='ocrx_word' id='word_1_74' title='bbox 566 1325 677 1387; x_wconf 86' lang='lat' dir='ltr'><strong><em>dieitur</em></strong></span> <span class='ocrx_word' id='word_1_75' title='bbox 689 1326 711 1389; x_wconf 95' lang='lat' dir='ltr'>h</span> <span class='ocrx_word' id='word_1_76' title='bbox 725 1333 802 1388; x_wconf 86' lang='lat' dir='ltr'><strong><em>inter</em></strong></span> <span class='ocrx_word' id='word_1_77' title='bbox 815 1327 941 1389; x_wconf 84' lang='lat' dir='ltr'><strong><em>litteras.</em></strong></span> <span class='ocrx_word' id='word_1_78' title='bbox 959 1328 1042 1401; x_wconf 84' lang='lat' dir='ltr'><strong><em>Quid</em></strong></span> <span class='ocrx_word' id='word_1_79' title='bbox 1055 1326 1174 1403; x_wconf 86' lang='lat' dir='ltr'><strong><em>iqitur?</em></strong></span> <span class='ocrx_word' id='word_1_80' title='bbox 1188 1341 1366 1404; x_wconf 86' lang='lat' dir='ltr'><strong><em>quamquam</em></strong></span> <span class='ocrx_word' id='word_1_81' title='bbox 1379 1324 1476 1402; x_wconf 81' lang='lat' dir='ltr'><strong><em>suerit</em></strong></span> <span class='ocrx_word' id='word_1_82' title='bbox 1490 1331 1543 1403; x_wconf 91' lang='lat' dir='ltr'><strong><em>qui</em></strong></span> <span class='ocrx_word' id='word_1_83' title='bbox 1558 1326 1596 1386; x_wconf 89' lang='lat' dir='ltr'><strong><em>de</em></strong></span> <span class='ocrx_word' id='word_1_84' title='bbox 1606 1322 1662 1384; x_wconf 86' lang='lat' dir='ltr'><strong><em>Or·</em></strong></span> 
     </span>
     <span class='ocr_line' id='line_1_11' title="bbox 462 1403 1663 1488; baseline -0.004 -19"><span class='ocrx_word' id='word_1_85' title='bbox 462 1405 621 1488; x_wconf 72' lang='lat' dir='ltr'><strong><em>thoepltya</em></strong></span> <span class='ocrx_word' id='word_1_86' title='bbox 634 1411 829 1486; x_wconf 78' lang='lat' dir='ltr'><strong><em>scripserint,</em></strong></span> <span class='ocrx_word' id='word_1_87' title='bbox 849 1411 944 1469; x_wconf 70' lang='lat' dir='ltr'><strong><em>tannen</em></strong></span> <span class='ocrx_word' id='word_1_88' title='bbox 954 1407 1213 1485; x_wconf 84' lang='lat' dir='ltr'><strong><em>pronunciandum</em></strong></span> <span class='ocrx_word' id='word_1_89' title='bbox 1226 1403 1317 1468; x_wconf 85' lang='lat' dir='ltr'><strong><em>leodic</em></strong></span> <span class='ocrx_word' id='word_1_90' title='bbox 1331 1410 1375 1467; x_wconf 85' lang='lat' dir='ltr'><strong><em>est</em></strong></span> <span class='ocrx_word' id='word_1_91' title='bbox 1395 1424 1436 1466; x_wconf 80' lang='lat' dir='ltr'><strong><em>en</em></strong></span> <span class='ocrx_word' id='word_1_92' title='bbox 1448 1405 1663 1476; x_wconf 83' lang='lat' dir='ltr'><strong><em>consuetudine</em></strong></span> 
     </span>
     <span class='ocr_line' id='line_1_12' title="bbox 458 1491 818 1567; baseline -0.014 -18"><span class='ocrx_word' id='word_1_93' title='bbox 458 1491 614 1567; x_wconf 81' lang='lat' dir='ltr'><strong><em>praetenti</em></strong></span> <span class='ocrx_word' id='word_1_94' title='bbox 627 1491 818 1548; x_wconf 87' lang='lat' dir='ltr'><strong><em>eruditorum.</em></strong></span> 
     </span>
    </p>
   </div>
   <div class='ocr_carea' id='block_1_3' title="bbox 604 1659 1519 1722">
    <p class='ocr_par' dir='ltr' id='par_1_3' title="bbox 604 1659 1519 1722">
     <span class='ocr_line' id='line_1_13' title="bbox 604 1659 1519 1722; baseline -0.001 -13"><span class='ocrx_word' id='word_1_95' title='bbox 604 1659 647 1709; x_wconf 78' lang='lat' dir='ltr'><strong><em>DE</em></strong></span> <span class='ocrx_word' id='word_1_96' title='bbox 661 1659 858 1722; x_wconf 74' lang='lat' dir='ltr'><strong><em>santea&#39;rttS,</em></strong></span> <span class='ocrx_word' id='word_1_97' title='bbox 874 1660 980 1712; x_wconf 60' lang='lat' dir='ltr'><strong><em>vitreo</em></strong></span> <span class='ocrx_word' id='word_1_98' title='bbox 995 1662 1056 1711; x_wconf 77' lang='lat' dir='ltr'><strong><em>DEL</em></strong></span> <span class='ocrx_word' id='word_1_99' title='bbox 1067 1661 1128 1708; x_wconf 77' lang='lat' dir='ltr'><strong><em>BEN</em></strong></span> <span class='ocrx_word' id='word_1_100' title='bbox 1144 1660 1289 1709; x_wconf 72' lang='lat' dir='ltr'><strong><em>elatine</em></strong></span> <span class='ocrx_word' id='word_1_101' title='bbox 1302 1661 1336 1709; x_wconf 83' lang='grc' dir='ltr'><strong><em>ΙΝ</em></strong></span> <span class='ocrx_word' id='word_1_102' title='bbox 1349 1660 1519 1711; x_wconf 71' lang='lat' dir='ltr'><strong><em>coricum·</em></strong></span> 
     </span>
    </p>
   </div>
   <div class='ocr_carea' id='block_1_4' title="bbox 458 1805 1665 2768">
    <p class='ocr_par' dir='ltr' id='par_1_4' title="bbox 463 1805 1665 2047">
     <span class='ocr_line' id='line_1_14' title="bbox 503 1805 1663 1887; baseline 0.001 -18"><span class='ocrx_word' id='word_1_103' title='bbox 503 1809 542 1870; x_wconf 89' lang='lat' dir='ltr'><strong><em>Id</em></strong></span> <span class='ocrx_word' id='word_1_104' title='bbox 552 1808 612 1886; x_wconf 72' lang='lat' dir='ltr'><strong><em>tait</em></strong></span> <span class='ocrx_word' id='word_1_105' title='bbox 625 1824 762 1885; x_wconf 64' lang='lat' dir='ltr'><strong><em>marcae,</em></strong></span> <span class='ocrx_word' id='word_1_106' title='bbox 777 1813 838 1867; x_wconf 80' lang='lat' dir='ltr'><strong><em>tunt</em></strong></span> <span class='ocrx_word' id='word_1_107' title='bbox 852 1807 978 1883; x_wconf 75' lang='lat' dir='ltr'><strong><em>latinae,</em></strong></span> <span class='ocrx_word' id='word_1_108' title='bbox 996 1812 1055 1867; x_wconf 86' lang='lat' dir='ltr'><strong><em>tam</em></strong></span> <span class='ocrx_word' id='word_1_109' title='bbox 1084 1807 1204 1868; x_wconf 78' lang='lat' dir='ltr'><strong><em>italicae</em></strong></span> <span class='ocrx_word' id='word_1_110' title='bbox 1222 1805 1342 1887; x_wconf 76' lang='lat' dir='ltr'><strong><em>linquae</em></strong></span> <span class='ocrx_word' id='word_1_111' title='bbox 1352 1806 1450 1885; x_wconf 75' lang='lat' dir='ltr'><strong><em>satum</em></strong></span> <span class='ocrx_word' id='word_1_112' title='bbox 1464 1850 1473 1882; x_wconf 80' lang='lat'>,</span> <span class='ocrx_word' id='word_1_113' title='bbox 1487 1811 1522 1866; x_wconf 91' lang='lat' dir='ltr'><strong><em>ut</em></strong></span> <span class='ocrx_word' id='word_1_114' title='bbox 1531 1812 1600 1884; x_wconf 88' lang='lat' dir='ltr'><strong><em>pasl</em></strong></span> <span class='ocrx_word' id='word_1_115' title='bbox 1613 1827 1663 1870; x_wconf 89' lang='lat' dir='ltr'><strong><em>ae·</em></strong></span> 
     </span>
     <span class='ocr_line' id='line_1_15' title="bbox 463 1887 1665 1968; baseline 0.001 -19"><span class='ocrx_word' id='word_1_116' title='bbox 463 1895 564 1965; x_wconf 75' lang='lat' dir='ltr'><strong><em>leton,</em></strong></span> <span class='ocrx_word' id='word_1_117' title='bbox 575 1906 636 1968; x_wconf 86' lang='lat' dir='ltr'><strong><em>qua</em></strong></span> <span class='ocrx_word' id='word_1_118' title='bbox 650 1905 743 1948; x_wconf 81' lang='lat' dir='ltr'><strong><em>seram</em></strong></span> <span class='ocrx_word' id='word_1_119' title='bbox 756 1888 876 1966; x_wconf 89' lang='lat' dir='ltr'><strong><em>eleqans</em></strong></span> <span class='ocrx_word' id='word_1_120' title='bbox 887 1887 1049 1948; x_wconf 77' lang='lat' dir='ltr'><strong><em>celebratus</em></strong></span> <span class='ocrx_word' id='word_1_121' title='bbox 1061 1893 1114 1965; x_wconf 80' lang='lat' dir='ltr'><strong><em>eet,</em></strong></span> <span class='ocrx_word' id='word_1_122' title='bbox 1126 1893 1263 1947; x_wconf 84' lang='lat' dir='ltr'><strong><em>successit</em></strong></span> <span class='ocrx_word' id='word_1_123' title='bbox 1276 1887 1505 1963; x_wconf 64' lang='lat' dir='ltr'><strong><em>saeculumque</em></strong></span> <span class='ocrx_word' id='word_1_124' title='bbox 1518 1888 1665 1968; x_wconf 85' lang='lat' dir='ltr'><strong><em>laquiper</em></strong></span> 
     </span>
     <span class='ocr_line' id='line_1_16' title="bbox 463 1966 1568 2047; baseline -0.005 -16"><span class='ocrx_word' id='word_1_125' title='bbox 463 1975 632 2047; x_wconf 78' lang='lat' dir='ltr'><strong><em>sanantes,</em></strong></span> <span class='ocrx_word' id='word_1_126' title='bbox 647 1974 718 2047; x_wconf 81' lang='lat' dir='ltr'><strong><em>sice,</em></strong></span> <span class='ocrx_word' id='word_1_127' title='bbox 732 1973 765 2027; x_wconf 89' lang='lat' dir='ltr'><strong><em>ul</em></strong></span> <span class='ocrx_word' id='word_1_128' title='bbox 778 1968 846 2028; x_wconf 91' lang='lat' dir='ltr'><strong><em>itali</em></strong></span> <span class='ocrx_word' id='word_1_129' title='bbox 861 1967 975 2044; x_wconf 83' lang='lat' dir='ltr'><strong><em>dicunt,</em></strong></span> <span class='ocrx_word' id='word_1_130' title='bbox 990 1966 1022 2028; x_wconf 87' lang='lat' dir='ltr'><strong><em>in</em></strong></span> <span class='ocrx_word' id='word_1_131' title='bbox 1036 1966 1177 2044; x_wconf 77' lang='lat' dir='ltr'><strong><em>conectit,</em></strong></span> <span class='ocrx_word' id='word_1_132' title='bbox 1193 1971 1226 2024; x_wconf 88' lang='lat' dir='ltr'><strong><em>in</em></strong></span> <span class='ocrx_word' id='word_1_133' title='bbox 1246 1974 1348 2046; x_wconf 82' lang='lat' dir='ltr'><strong><em>precio</em></strong></span> <span class='ocrx_word' id='word_1_134' title='bbox 1371 1966 1507 2027; x_wconf 76' lang='lat' dir='ltr'><strong><em>dolitum</em></strong></span> <span class='ocrx_word' id='word_1_135' title='bbox 1520 1973 1568 2030; x_wconf 86' lang='lat' dir='ltr'><strong><em>sit.</em></strong></span> 
     </span>
    </p>

    <p class='ocr_par' dir='ltr' id='par_1_5' title="bbox 458 2046 1662 2768">
     <span class='ocr_line' id='line_1_17' title="bbox 504 2046 1661 2126; baseline -0.002 -16"><span class='ocrx_word' id='word_1_136' title='bbox 504 2051 650 2111; x_wconf 85' lang='lat' dir='ltr'><strong><em>Sententia</em></strong></span> <span class='ocrx_word' id='word_1_137' title='bbox 662 2048 700 2108; x_wconf 80' lang='lat' dir='ltr'><strong><em>al&gt;</em></strong></span> <span class='ocrx_word' id='word_1_138' title='bbox 712 2046 868 2110; x_wconf 80' lang='lat' dir='ltr'><strong><em>Aristotele</em></strong></span> <span class='ocrx_word' id='word_1_139' title='bbox 880 2053 913 2108; x_wconf 89' lang='lat' dir='ltr'><strong><em>in</em></strong></span> <span class='ocrx_word' id='word_1_140' title='bbox 925 2052 1052 2126; x_wconf 87' lang='lat' dir='ltr'><strong><em>quatuor</em></strong></span> <span class='ocrx_word' id='word_1_141' title='bbox 1059 2052 1165 2125; x_wconf 87' lang='lat' dir='ltr'><strong><em>partes</em></strong></span> <span class='ocrx_word' id='word_1_142' title='bbox 1180 2046 1323 2109; x_wconf 81' lang='lat' dir='ltr'><strong><em>diuiditur</em></strong></span> <span class='ocrx_word' id='word_1_143' title='bbox 1329 2072 1343 2121; x_wconf 93' lang='lat'><strong><em>,·</em></strong></span> <span class='ocrx_word' id='word_1_144' title='bbox 1364 2047 1412 2107; x_wconf 86' lang='lat' dir='ltr'><strong><em>vel</em></strong></span> <span class='ocrx_word' id='word_1_145' title='bbox 1423 2053 1502 2107; x_wconf 85' lang='lat' dir='ltr'><strong><em>enim</em></strong></span> <span class='ocrx_word' id='word_1_146' title='bbox 1514 2053 1661 2109; x_wconf 87' lang='lat' dir='ltr'><strong><em>rationem</em></strong></span> 
     </span>
     <span class='ocr_line' id='line_1_18' title="bbox 466 2126 1658 2205; baseline 0.002 -17"><span class='ocrx_word' id='word_1_147' title='bbox 466 2128 549 2189; x_wconf 80' lang='lat' dir='ltr'><strong><em>ltabet</em></strong></span> <span class='ocrx_word' id='word_1_148' title='bbox 564 2132 735 2190; x_wconf 84' lang='lat' dir='ltr'><strong><em>adiunctam</em></strong></span> <span class='ocrx_word' id='word_1_149' title='bbox 747 2173 756 2204; x_wconf 80' lang='lat'>,</span> <span class='ocrx_word' id='word_1_150' title='bbox 776 2128 822 2189; x_wconf 86' lang='lat' dir='ltr'><strong><em>uel</em></strong></span> <span class='ocrx_word' id='word_1_151' title='bbox 834 2133 896 2188; x_wconf 86' lang='lat' dir='ltr'><strong><em>sine</em></strong></span> <span class='ocrx_word' id='word_1_152' title='bbox 910 2129 1027 2187; x_wconf 89' lang='lat' dir='ltr'><strong><em>adiecta</em></strong></span> <span class='ocrx_word' id='word_1_153' title='bbox 1041 2130 1157 2187; x_wconf 85' lang='lat' dir='ltr'><strong><em>ratione</em></strong></span> <span class='ocrx_word' id='word_1_154' title='bbox 1165 2126 1334 2205; x_wconf 69' lang='lat' dir='ltr'><strong><em>metentur.</em></strong></span> <span class='ocrx_word' id='word_1_155' title='bbox 1359 2127 1442 2202; x_wconf 83' lang='lat' dir='ltr'><strong><em>Quae</em></strong></span> <span class='ocrx_word' id='word_1_156' title='bbox 1463 2132 1658 2191; x_wconf 66' lang='lat' dir='ltr'><strong><em>oneratione</em></strong></span> 
     </span>
     <span class='ocr_line' id='line_1_19' title="bbox 462 2207 1659 2308; baseline 0.003 -44"><span class='ocrx_word' id='word_1_157' title='bbox 462 2209 626 2286; x_wconf 74' lang='lat' dir='ltr'><strong><em>prefert-ar,</em></strong></span> <span class='ocrx_word' id='word_1_158' title='bbox 643 2215 685 2270; x_wconf 92' lang='lat' dir='ltr'><strong><em>est</em></strong></span> <span class='ocrx_word' id='word_1_159' title='bbox 696 2207 812 2308; x_wconf 66' lang='lat' dir='ltr'><strong><em>effatum</em></strong></span> <span class='ocrx_word' id='word_1_160' title='bbox 824 2208 950 2284; x_wconf 87' lang='lat' dir='ltr'><strong><em>aliquod</em></strong></span> <span class='ocrx_word' id='word_1_161' title='bbox 963 2213 997 2268; x_wconf 92' lang='lat' dir='ltr'><strong><em>in</em></strong></span> <span class='ocrx_word' id='word_1_162' title='bbox 1011 2212 1091 2268; x_wconf 88' lang='lat' dir='ltr'><strong><em>vitae</em></strong></span> <span class='ocrx_word' id='word_1_163' title='bbox 1103 2223 1186 2268; x_wconf 81' lang='lat' dir='ltr'><strong><em>saum</em></strong></span> <span class='ocrx_word' id='word_1_164' title='bbox 1199 2249 1208 2283; x_wconf 74' lang='lat'>,</span> <span class='ocrx_word' id='word_1_165' title='bbox 1223 2209 1306 2285; x_wconf 88' lang='lat' dir='ltr'><strong><em>apud</em></strong></span> <span class='ocrx_word' id='word_1_166' title='bbox 1324 2224 1420 2268; x_wconf 77' lang='lat' dir='ltr'><strong><em>araus</em></strong></span> <span class='ocrx_word' id='word_1_167' title='bbox 1431 2225 1555 2285; x_wconf 83' lang='lat' dir='ltr'><strong><em>oerum,</em></strong></span> <span class='ocrx_word' id='word_1_168' title='bbox 1570 2214 1598 2268; x_wconf 90' lang='lat' dir='ltr'><strong><em>et</em></strong></span> <span class='ocrx_word' id='word_1_169' title='bbox 1611 2212 1659 2268; x_wconf 87' lang='lat' dir='ltr'><strong><em>in·</em></strong></span> 
     </span>
     <span class='ocr_line' id='line_1_20' title="bbox 462 2287 1657 2365; baseline -0.002 -16"><span class='ocrx_word' id='word_1_170' title='bbox 462 2292 795 2364; x_wconf 71' lang='lat' dir='ltr'><strong><em>mtureoersumdeaque</em></strong></span> <span class='ocrx_word' id='word_1_171' title='bbox 804 2294 962 2349; x_wconf 86' lang='lat' dir='ltr'><strong><em>sententiae</em></strong></span> <span class='ocrx_word' id='word_1_172' title='bbox 975 2288 1021 2349; x_wconf 83' lang='lat' dir='ltr'><strong><em>ael</em></strong></span> <span class='ocrx_word' id='word_1_173' title='bbox 1034 2287 1182 2364; x_wconf 85' lang='lat' dir='ltr'><strong><em>qeneralis</em></strong></span> <span class='ocrx_word' id='word_1_174' title='bbox 1194 2293 1248 2362; x_wconf 75' lang='lat' dir='ltr'><strong><em>est,</em></strong></span> <span class='ocrx_word' id='word_1_175' title='bbox 1259 2288 1305 2347; x_wconf 86' lang='lat' dir='ltr'><strong><em>vel</em></strong></span> <span class='ocrx_word' id='word_1_176' title='bbox 1315 2287 1519 2365; x_wconf 64' lang='lat' dir='ltr'><strong><em>particulatim</em></strong></span> <span class='ocrx_word' id='word_1_177' title='bbox 1533 2305 1657 2365; x_wconf 85' lang='lat' dir='ltr'><strong><em>qenero-</em></strong></span> 
     </span>
     <span class='ocr_line' id='line_1_21' title="bbox 463 2368 1660 2447; baseline 0.003 -20"><span class='ocrx_word' id='word_1_178' title='bbox 463 2369 512 2445; x_wconf 79' lang='lat' dir='ltr'><strong><em>lis,</em></strong></span> <span class='ocrx_word' id='word_1_179' title='bbox 522 2380 556 2430; x_wconf 90' lang='lat' dir='ltr'><strong><em>ut</em></strong></span> <span class='ocrx_word' id='word_1_180' title='bbox 572 2387 610 2432; x_wconf 85' lang='lat' dir='ltr'><strong><em>ne</em></strong></span> <span class='ocrx_word' id='word_1_181' title='bbox 625 2368 698 2447; x_wconf 83' lang='lat' dir='ltr'><strong><em>quid</em></strong></span> <span class='ocrx_word' id='word_1_182' title='bbox 712 2368 817 2429; x_wconf 83' lang='lat' dir='ltr'><strong><em>nimis:</em></strong></span> <span class='ocrx_word' id='word_1_183' title='bbox 829 2385 917 2445; x_wconf 89' lang='lat' dir='ltr'><strong><em>quam</em></strong></span> <span class='ocrx_word' id='word_1_184' title='bbox 927 2373 1071 2429; x_wconf 86' lang='lat' dir='ltr'><strong><em>sententia</em></strong></span> <span class='ocrx_word' id='word_1_185' title='bbox 1081 2375 1205 2444; x_wconf 86' lang='lat' dir='ltr'><strong><em>speeiem</em></strong></span> <span class='ocrx_word' id='word_1_186' title='bbox 1215 2373 1571 2446; x_wconf 85' lang='lat' dir='ltr'><strong><em>qraeeipreprienamine</em></strong></span> <span class='ocrx_word' id='word_1_187' title='bbox 1584 2385 1660 2447; x_wconf 79' lang='lat' dir='ltr'><strong><em>gne·</em></strong></span> 
     </span>
     <span class='ocr_line' id='line_1_22' title="bbox 465 2448 1658 2527; baseline 0.001 -18"><span class='ocrx_word' id='word_1_188' title='bbox 465 2467 535 2511; x_wconf 77' lang='lat' dir='ltr'><strong><em>nien</em></strong></span> <span class='ocrx_word' id='word_1_189' title='bbox 552 2450 752 2527; x_wconf 84' lang='lat' dir='ltr'><strong><em>appellarunt.</em></strong></span> <span class='ocrx_word' id='word_1_190' title='bbox 780 2448 971 2509; x_wconf 87' lang='lat' dir='ltr'><strong><em>Particularis</em></strong></span> <span class='ocrx_word' id='word_1_191' title='bbox 986 2453 1083 2509; x_wconf 89' lang='lat' dir='ltr'><strong><em>eutem</em></strong></span> <span class='ocrx_word' id='word_1_192' title='bbox 1103 2454 1146 2509; x_wconf 90' lang='lat' dir='ltr'><strong><em>est</em></strong></span> <span class='ocrx_word' id='word_1_193' title='bbox 1159 2454 1224 2526; x_wconf 83' lang='lat' dir='ltr'><strong><em>ipsa</em></strong></span> <span class='ocrx_word' id='word_1_194' title='bbox 1236 2448 1384 2524; x_wconf 75' lang='lat' dir='ltr'><strong><em>penerelis</em></strong></span> <span class='ocrx_word' id='word_1_195' title='bbox 1404 2452 1549 2510; x_wconf 70' lang='lat' dir='ltr'><strong><em>sententia</em></strong></span> <span class='ocrx_word' id='word_1_196' title='bbox 1563 2452 1658 2511; x_wconf 88' lang='lat' dir='ltr'><strong><em>certae</em></strong></span> 
     </span>
     <span class='ocr_line' id='line_1_23' title="bbox 458 2525 1660 2608; baseline 0 -18"><span class='ocrx_word' id='word_1_197' title='bbox 458 2546 613 2606; x_wconf 84' lang='lat' dir='ltr'><strong><em>personae,</em></strong></span> <span class='ocrx_word' id='word_1_198' title='bbox 628 2534 759 2588; x_wconf 82' lang='lat' dir='ltr'><strong><em>certaeee</em></strong></span> <span class='ocrx_word' id='word_1_199' title='bbox 771 2532 815 2588; x_wconf 92' lang='lat' dir='ltr'><strong><em>rei</em></strong></span> <span class='ocrx_word' id='word_1_200' title='bbox 828 2528 991 2608; x_wconf 69' lang='lat' dir='ltr'><strong><em>applicata·</em></strong></span> <span class='ocrx_word' id='word_1_201' title='bbox 1005 2532 1037 2587; x_wconf 89' lang='lat' dir='ltr'><strong><em>ut</em></strong></span> <span class='ocrx_word' id='word_1_202' title='bbox 1046 2544 1105 2588; x_wconf 88' lang='lat' dir='ltr'><strong><em>non</em></strong></span> <span class='ocrx_word' id='word_1_203' title='bbox 1119 2526 1250 2607; x_wconf 70' lang='lat' dir='ltr'><strong><em>Cyanee,</em></strong></span> <span class='ocrx_word' id='word_1_204' title='bbox 1265 2544 1325 2591; x_wconf 90' lang='lat' dir='ltr'><strong><em>non</em></strong></span> <span class='ocrx_word' id='word_1_205' title='bbox 1339 2525 1437 2607; x_wconf 77' lang='lat' dir='ltr'><strong><em>Syllae</em></strong></span> <span class='ocrx_word' id='word_1_206' title='bbox 1453 2528 1547 2606; x_wconf 84' lang='lat' dir='ltr'><strong><em>lenge</em></strong></span> <span class='ocrx_word' id='word_1_207' title='bbox 1559 2526 1660 2590; x_wconf 85' lang='lat' dir='ltr'><strong><em>domi·</em></strong></span> 
     </span>
     <span class='ocr_line' id='line_1_24' title="bbox 461 2605 1662 2687; baseline -0.002 -18"><span class='ocrx_word' id='word_1_208' title='bbox 461 2608 552 2670; x_wconf 75' lang='lat' dir='ltr'><strong><em>cretio:</em></strong></span> <span class='ocrx_word' id='word_1_209' title='bbox 569 2625 657 2686; x_wconf 81' lang='lat' dir='ltr'><strong><em>quam</em></strong></span> <span class='ocrx_word' id='word_1_210' title='bbox 670 2605 886 2687; x_wconf 72' lang='lat' dir='ltr'><strong><em>hypotheticam</em></strong></span> <span class='ocrx_word' id='word_1_211' title='bbox 897 2611 1070 2668; x_wconf 88' lang='lat' dir='ltr'><strong><em>sententiam</em></strong></span> <span class='ocrx_word' id='word_1_212' title='bbox 1083 2613 1111 2668; x_wconf 89' lang='lat' dir='ltr'><strong><em>si</em></strong></span> <span class='ocrx_word' id='word_1_213' title='bbox 1122 2607 1163 2667; x_wconf 93' lang='lat' dir='ltr'><strong><em>ad</em></strong></span> <span class='ocrx_word' id='word_1_214' title='bbox 1176 2608 1313 2670; x_wconf 82' lang='lat' dir='ltr'><strong><em>tlretieam</em></strong></span> <span class='ocrx_word' id='word_1_215' title='bbox 1326 2609 1480 2684; x_wconf 83' lang='lat' dir='ltr'><strong><em>traducas,</em></strong></span> <span class='ocrx_word' id='word_1_216' title='bbox 1494 2609 1529 2667; x_wconf 89' lang='lat' dir='ltr'><strong><em>id</em></strong></span> <span class='ocrx_word' id='word_1_217' title='bbox 1542 2605 1662 2685; x_wconf 66' lang='lat' dir='ltr'><strong><em>efficia.-</em></strong></span> 
     </span>
     <span class='ocr_line' id='line_1_25' title="bbox 462 2683 1662 2768; baseline 0.003 -22"><span class='ocrx_word' id='word_1_218' title='bbox 462 2686 592 2750; x_wconf 75' lang='lat' dir='ltr'><strong><em>riolenta</em></strong></span> <span class='ocrx_word' id='word_1_219' title='bbox 605 2688 734 2768; x_wconf 78' lang='lat' dir='ltr'><strong><em>imperia</em></strong></span> <span class='ocrx_word' id='word_1_220' title='bbox 748 2703 809 2750; x_wconf 85' lang='lat' dir='ltr'><strong><em>non</em></strong></span> <span class='ocrx_word' id='word_1_221' title='bbox 825 2683 995 2764; x_wconf 75' lang='lat' dir='ltr'><strong><em>diuturna3</em></strong></span> <span class='ocrx_word' id='word_1_222' title='bbox 1016 2692 1105 2766; x_wconf 87' lang='lat' dir='ltr'><strong><em>atque</em></strong></span> <span class='ocrx_word' id='word_1_223' title='bbox 1125 2688 1249 2749; x_wconf 90' lang='lat' dir='ltr'><strong><em>alteram</em></strong></span> <span class='ocrx_word' id='word_1_224' title='bbox 1269 2685 1347 2749; x_wconf 73' lang='lat' dir='ltr'><strong><em>lianc</em></strong></span> <span class='ocrx_word' id='word_1_225' title='bbox 1358 2693 1520 2749; x_wconf 84' lang='lat' dir='ltr'><strong><em>sententiae</em></strong></span> <span class='ocrx_word' id='word_1_226' title='bbox 1532 2693 1662 2766; x_wconf 87' lang='lat' dir='ltr'><strong><em>speciem</em></strong></span> 
     </span>
    </p>
   </div>
   <div class='ocr_carea' id='block_1_5' title="bbox 371 2949 1664 3859">
    <p class='ocr_par' dir='ltr' id='par_1_6' title="bbox 371 2949 1664 3859">
     <span class='ocr_line' id='line_1_26' title="bbox 371 2949 1663 3027; baseline 0.002 -20"><span class='ocrx_word' id='word_1_227' title='bbox 371 3008 382 3025; x_wconf 54' lang='lat'><em>,</em></span> <span class='ocrx_word' id='word_1_228' title='bbox 465 2952 592 3025; x_wconf 64' lang='lat' dir='ltr'><strong><em>velamen</em></strong></span> <span class='ocrx_word' id='word_1_229' title='bbox 607 2953 631 3009; x_wconf 86' lang='lat' dir='ltr'><strong><em>ia</em></strong></span> <span class='ocrx_word' id='word_1_230' title='bbox 646 2952 788 3010; x_wconf 84' lang='lat' dir='ltr'><strong><em>recitanda</em></strong></span> <span class='ocrx_word' id='word_1_231' title='bbox 802 2953 828 3009; x_wconf 84' lang='lat' dir='ltr'><strong><em>le</em></strong></span> <span class='ocrx_word' id='word_1_232' title='bbox 841 2952 930 3009; x_wconf 81' lang='lat' dir='ltr'><strong><em>levale</em></strong></span> <span class='ocrx_word' id='word_1_233' title='bbox 944 2967 1100 3023; x_wconf 77' lang='lat' dir='ltr'><strong><em>peccavere</em></strong></span> <span class='ocrx_word' id='word_1_234' title='bbox 1114 2951 1185 3008; x_wconf 86' lang='lat' dir='ltr'><strong><em>nella</em></strong></span> <span class='ocrx_word' id='word_1_235' title='bbox 1198 2951 1325 3024; x_wconf 71' lang='lat' dir='ltr'><strong><em>quintili</em></strong></span> <span class='ocrx_word' id='word_1_236' title='bbox 1335 2949 1419 3007; x_wconf 79' lang='lat' dir='ltr'><strong><em>d&#39;una</em></strong></span> <span class='ocrx_word' id='word_1_237' title='bbox 1433 2951 1589 3009; x_wconf 80' lang='lat' dir='ltr'><strong><em>sillebe.Nei</em></strong></span> <span class='ocrx_word' id='word_1_238' title='bbox 1599 2956 1663 3027; x_wconf 80' lang='lat' dir='ltr'><strong><em>oggi</em></strong></span> 
     </span>
     <span class='ocr_line' id='line_1_27' title="bbox 464 3026 1664 3102; baseline 0.003 -19"><span class='ocrx_word' id='word_1_239' title='bbox 464 3032 593 3085; x_wconf 80' lang='lat' dir='ltr'><strong><em>sentisne</em></strong></span> <span class='ocrx_word' id='word_1_240' title='bbox 606 3029 866 3102; x_wconf 79' lang='lat' dir='ltr'><strong><em>appenaleqaeatitl</em></strong></span> <span class='ocrx_word' id='word_1_241' title='bbox 879 3029 949 3086; x_wconf 84' lang='lat' dir='ltr'><strong><em>delle</em></strong></span> <span class='ocrx_word' id='word_1_242' title='bbox 962 3027 1340 3100; x_wconf 81' lang='lat' dir='ltr'><strong><em>penultimenellepereleehe</em></strong></span> <span class='ocrx_word' id='word_1_243' title='bbox 1355 3026 1466 3084; x_wconf 67' lang='lat' dir='ltr'><strong><em>warena</em></strong></span> <span class='ocrx_word' id='word_1_244' title='bbox 1478 3043 1527 3098; x_wconf 86' lang='lat' dir='ltr'><strong><em>per</em></strong></span> <span class='ocrx_word' id='word_1_245' title='bbox 1543 3028 1569 3083; x_wconf 91' lang='lat' dir='ltr'><strong><em>le</em></strong></span> <span class='ocrx_word' id='word_1_246' title='bbox 1583 3045 1664 3086; x_wconf 85' lang='lat' dir='ltr'><strong><em>mene</em></strong></span> 
     </span>
     <span class='ocr_line' id='line_1_28' title="bbox 437 3103 1663 3176; baseline 0.002 -18"><span class='ocrx_word' id='word_1_247' title='bbox 437 3111 444 3122; x_wconf 54' lang='lat'>⁸</span> <span class='ocrx_word' id='word_1_248' title='bbox 464 3114 505 3160; x_wconf 89' lang='lat' dir='ltr'><strong><em>tre</em></strong></span> <span class='ocrx_word' id='word_1_249' title='bbox 520 3105 623 3163; x_wconf 86' lang='lat' dir='ltr'><strong><em>sillebe.</em></strong></span> <span class='ocrx_word' id='word_1_250' title='bbox 633 3108 642 3160; x_wconf 94' lang='lat' dir='ltr'><strong><em>l</em></strong></span> <span class='ocrx_word' id='word_1_251' title='bbox 654 3105 727 3161; x_wconf 81' lang='lat' dir='ltr'><strong><em>latini</em></strong></span> <span class='ocrx_word' id='word_1_252' title='bbox 741 3104 889 3162; x_wconf 79' lang='lat' dir='ltr'><strong><em>manderem</em></strong></span> <span class='ocrx_word' id='word_1_253' title='bbox 904 3104 957 3161; x_wconf 90' lang='lat' dir='ltr'><strong><em>due</em></strong></span> <span class='ocrx_word' id='word_1_254' title='bbox 972 3105 1052 3165; x_wconf 76' lang='lat' dir='ltr'><strong><em>sireni</em></strong></span> <span class='ocrx_word' id='word_1_255' title='bbox 1065 3106 1108 3160; x_wconf 89' lang='lat' dir='ltr'><strong><em>nei</em></strong></span> <span class='ocrx_word' id='word_1_256' title='bbox 1122 3103 1311 3176; x_wconf 81' lang='lat' dir='ltr'><strong><em>dittenghiae‚</em></strong></span> <span class='ocrx_word' id='word_1_257' title='bbox 1321 3118 1364 3174; x_wconf 75' lang='lat' dir='ltr'><strong><em>ae3</em></strong></span> <span class='ocrx_word' id='word_1_258' title='bbox 1379 3105 1423 3157; x_wconf 90' lang='lat' dir='ltr'><strong><em>nei</em></strong></span> <span class='ocrx_word' id='word_1_259' title='bbox 1437 3119 1516 3159; x_wconf 90' lang='lat' dir='ltr'><strong><em>come</em></strong></span> <span class='ocrx_word' id='word_1_260' title='bbox 1530 3105 1601 3162; x_wconf 86' lang='lat' dir='ltr'><strong><em>nude</em></strong></span> <span class='ocrx_word' id='word_1_261' title='bbox 1615 3122 1663 3161; x_wconf 88' lang='lat' dir='ltr'><strong><em>ve·</em></strong></span> 
     </span>
     <span class='ocr_line' id='line_1_29' title="bbox 463 3177 1663 3251; baseline 0.003 -17"><span class='ocrx_word' id='word_1_262' title='bbox 463 3181 515 3236; x_wconf 86' lang='lat' dir='ltr'><strong><em>eali</em></strong></span> <span class='ocrx_word' id='word_1_263' title='bbox 525 3182 540 3236; x_wconf 86' lang='lat' dir='ltr'><strong><em>li</em></strong></span> <span class='ocrx_word' id='word_1_264' title='bbox 555 3182 759 3251; x_wconf 75' lang='lat' dir='ltr'><strong><em>prenuncians.</em></strong></span> <span class='ocrx_word' id='word_1_265' title='bbox 775 3182 784 3236; x_wconf 92' lang='grc'>1</span> <span class='ocrx_word' id='word_1_266' title='bbox 800 3181 884 3251; x_wconf 70' lang='lat' dir='ltr'><strong><em>leani,</em></strong></span> <span class='ocrx_word' id='word_1_267' title='bbox 899 3196 947 3251; x_wconf 84' lang='lat' dir='ltr'><strong><em>per</em></strong></span> <span class='ocrx_word' id='word_1_268' title='bbox 962 3179 1202 3236; x_wconf 80' lang='lat' dir='ltr'><strong><em>testimonianzadi</em></strong></span> <span class='ocrx_word' id='word_1_269' title='bbox 1216 3177 1513 3248; x_wconf 60' lang='lat' dir='ltr'><strong><em>Ciceroneelieesano,</em></strong></span> <span class='ocrx_word' id='word_1_270' title='bbox 1527 3194 1606 3236; x_wconf 83' lang='lat' dir='ltr'><strong><em>carne</em></strong></span> <span class='ocrx_word' id='word_1_271' title='bbox 1616 3180 1663 3237; x_wconf 86' lang='lat' dir='ltr'><strong><em>aei</em></strong></span> 
     </span>
     <span class='ocr_line' id='line_1_30' title="bbox 464 3253 1662 3328; baseline 0.002 -18"><span class='ocrx_word' id='word_1_272' title='bbox 464 3256 600 3327; x_wconf 84' lang='lat' dir='ltr'><strong><em>italieni,le</em></strong></span> <span class='ocrx_word' id='word_1_273' title='bbox 614 3256 772 3321; x_wconf 75' lang='lat' dir='ltr'><strong><em>recaleshe</em></strong></span> <span class='ocrx_word' id='word_1_274' title='bbox 786 3258 899 3312; x_wconf 85' lang='lat' dir='ltr'><strong><em>termina</em></strong></span> <span class='ocrx_word' id='word_1_275' title='bbox 910 3255 1215 3328; x_wconf 67' lang='lat' dir='ltr'><strong><em>unepereleaeguenda</em></strong></span> <span class='ocrx_word' id='word_1_276' title='bbox 1229 3254 1299 3310; x_wconf 79' lang='lat' dir='ltr'><strong><em>altre</em></strong></span> <span class='ocrx_word' id='word_1_277' title='bbox 1309 3253 1401 3322; x_wconf 84' lang='lat' dir='ltr'><strong><em>parole</em></strong></span> <span class='ocrx_word' id='word_1_278' title='bbox 1413 3254 1465 3309; x_wconf 87' lang='lat' dir='ltr'><strong><em>che</em></strong></span> <span class='ocrx_word' id='word_1_279' title='bbox 1478 3256 1593 3311; x_wconf 84' lang='lat' dir='ltr'><strong><em>caminei</em></strong></span> <span class='ocrx_word' id='word_1_280' title='bbox 1607 3273 1662 3328; x_wconf 84' lang='lat' dir='ltr'><strong><em>pur</em></strong></span> 
     </span>
     <span class='ocr_line' id='line_1_31' title="bbox 466 3329 1661 3403; baseline 0.001 -16"><span class='ocrx_word' id='word_1_281' title='bbox 466 3331 499 3387; x_wconf 83' lang='lat' dir='ltr'><strong><em>de</em></strong></span> <span class='ocrx_word' id='word_1_282' title='bbox 514 3332 615 3388; x_wconf 84' lang='lat' dir='ltr'><strong><em>vocale.</em></strong></span> <span class='ocrx_word' id='word_1_283' title='bbox 631 3334 696 3388; x_wconf 77' lang='lat' dir='ltr'><strong><em>Anci</em></strong></span> <span class='ocrx_word' id='word_1_284' title='bbox 711 3348 739 3388; x_wconf 86' lang='lat' dir='ltr'><strong><em>se</em></strong></span> <span class='ocrx_word' id='word_1_285' title='bbox 753 3349 807 3388; x_wconf 81' lang='lat' dir='ltr'><strong><em>une</em></strong></span> <span class='ocrx_word' id='word_1_286' title='bbox 817 3333 920 3389; x_wconf 86' lang='lat' dir='ltr'><strong><em>dizieue</em></strong></span> <span class='ocrx_word' id='word_1_287' title='bbox 934 3333 1083 3388; x_wconf 81' lang='lat' dir='ltr'><strong><em>terminare</em></strong></span> <span class='ocrx_word' id='word_1_288' title='bbox 1096 3335 1124 3387; x_wconf 89' lang='lat' dir='ltr'><strong><em>in</em></strong></span> <span class='ocrx_word' id='word_1_289' title='bbox 1135 3329 1346 3403; x_wconf 79' lang='lat' dir='ltr'><strong><em>m,segaendori</em></strong></span> <span class='ocrx_word' id='word_1_290' title='bbox 1359 3330 1452 3399; x_wconf 85' lang='lat' dir='ltr'><strong><em>perula</em></strong></span> <span class='ocrx_word' id='word_1_291' title='bbox 1464 3330 1661 3387; x_wconf 82' lang='lat' dir='ltr'><strong><em>incomieeien·</em></strong></span> 
     </span>
     <span class='ocr_line' id='line_1_32' title="bbox 465 3405 1660 3480; baseline 0.002 -19"><span class='ocrx_word' id='word_1_292' title='bbox 465 3416 490 3463; x_wconf 87' lang='lat' dir='ltr'><strong><em>te</em></strong></span> <span class='ocrx_word' id='word_1_293' title='bbox 505 3408 671 3478; x_wconf 72' lang='lat' dir='ltr'><strong><em>permenio,</em></strong></span> <span class='ocrx_word' id='word_1_294' title='bbox 686 3409 828 3480; x_wconf 80' lang='lat' dir='ltr'><strong><em>ingoieren</em></strong></span> <span class='ocrx_word' id='word_1_295' title='bbox 841 3407 858 3463; x_wconf 84' lang='lat' dir='ltr'><strong><em>l’</em></strong></span> <span class='ocrx_word' id='word_1_296' title='bbox 870 3407 964 3464; x_wconf 84' lang='lat' dir='ltr'><strong><em>ultime</em></strong></span> <span class='ocrx_word' id='word_1_297' title='bbox 977 3407 1082 3476; x_wconf 79' lang='lat' dir='ltr'><strong><em>sillebe3</em></strong></span> <span class='ocrx_word' id='word_1_298' title='bbox 1097 3407 1114 3463; x_wconf 90' lang='lat' dir='ltr'><strong><em>il</em></strong></span> <span class='ocrx_word' id='word_1_299' title='bbox 1128 3407 1180 3461; x_wconf 91' lang='lat' dir='ltr'><strong><em>che</em></strong></span> <span class='ocrx_word' id='word_1_300' title='bbox 1195 3406 1258 3478; x_wconf 76' lang='lat' dir='ltr'><strong><em>oggi</em></strong></span> <span class='ocrx_word' id='word_1_301' title='bbox 1270 3420 1323 3459; x_wconf 89' lang='lat' dir='ltr'><strong><em>non</em></strong></span> <span class='ocrx_word' id='word_1_302' title='bbox 1337 3406 1359 3459; x_wconf 88' lang='lat' dir='ltr'><strong><em>si</em></strong></span> <span class='ocrx_word' id='word_1_303' title='bbox 1374 3421 1493 3461; x_wconf 80' lang='lat' dir='ltr'><strong><em>esserra.</em></strong></span> <span class='ocrx_word' id='word_1_304' title='bbox 1511 3405 1547 3459; x_wconf 85' lang='lat' dir='ltr'><strong><em>Le</em></strong></span> <span class='ocrx_word' id='word_1_305' title='bbox 1560 3406 1660 3464; x_wconf 84' lang='lat' dir='ltr'><strong><em>lettere</em></strong></span> 
     </span>
     <span class='ocr_line' id='line_1_33' title="bbox 464 3479 1663 3554; baseline 0.001 -16"><span class='ocrx_word' id='word_1_306' title='bbox 464 3487 494 3538; x_wconf 88' lang='lat' dir='ltr'><em>H</em></span> <span class='ocrx_word' id='word_1_307' title='bbox 505 3484 526 3540; x_wconf 86' lang='lat' dir='ltr'><strong><em>ei</em></strong></span> <span class='ocrx_word' id='word_1_308' title='bbox 539 3484 698 3540; x_wconf 83' lang='lat' dir='ltr'><strong><em>discernere</em></strong></span> <span class='ocrx_word' id='word_1_309' title='bbox 711 3483 771 3539; x_wconf 80' lang='lat' dir='ltr'><strong><em>nell‘</em></strong></span> <span class='ocrx_word' id='word_1_310' title='bbox 784 3501 845 3552; x_wconf 84' lang='lat' dir='ltr'><strong><em>use,</em></strong></span> <span class='ocrx_word' id='word_1_311' title='bbox 860 3481 962 3554; x_wconf 78' lang='lat' dir='ltr'><strong><em>perche</em></strong></span> <span class='ocrx_word' id='word_1_312' title='bbox 977 3484 1000 3538; x_wconf 86' lang='lat' dir='ltr'><strong><em>si</em></strong></span> <span class='ocrx_word' id='word_1_313' title='bbox 1015 3483 1149 3541; x_wconf 81' lang='lat' dir='ltr'><strong><em>mendara</em></strong></span> <span class='ocrx_word' id='word_1_314' title='bbox 1161 3479 1233 3536; x_wconf 82' lang='lat' dir='ltr'><strong><em>triers</em></strong></span> <span class='ocrx_word' id='word_1_315' title='bbox 1244 3479 1287 3537; x_wconf 86' lang='lat' dir='ltr'><strong><em>del</em></strong></span> <span class='ocrx_word' id='word_1_316' title='bbox 1297 3479 1427 3550; x_wconf 81' lang='lat' dir='ltr'><strong><em>pretende</em></strong></span> <span class='ocrx_word' id='word_1_317' title='bbox 1442 3481 1484 3536; x_wconf 87' lang='lat' dir='ltr'><strong><em>del</em></strong></span> <span class='ocrx_word' id='word_1_318' title='bbox 1494 3487 1568 3551; x_wconf 81' lang='lat' dir='ltr'><strong><em>petto</em></strong></span> <span class='ocrx_word' id='word_1_319' title='bbox 1582 3481 1602 3537; x_wconf 87' lang='lat' dir='ltr'><strong><em>il</em></strong></span> <span class='ocrx_word' id='word_1_320' title='bbox 1618 3499 1663 3539; x_wconf 83' lang='lat' dir='ltr'><strong><em>re·</em></strong></span> 
     </span>
     <span class='ocr_line' id='line_1_34' title="bbox 463 3556 1658 3632; baseline 0.003 -20"><span class='ocrx_word' id='word_1_321' title='bbox 463 3559 548 3628; x_wconf 83' lang='lat' dir='ltr'><strong><em>spire:</em></strong></span> <span class='ocrx_word' id='word_1_322' title='bbox 565 3563 626 3632; x_wconf 78' lang='lat' dir='ltr'><strong><em>aggi</em></strong></span> <span class='ocrx_word' id='word_1_323' title='bbox 640 3575 693 3616; x_wconf 87' lang='lat' dir='ltr'><strong><em>con</em></strong></span> <span class='ocrx_word' id='word_1_324' title='bbox 707 3558 820 3617; x_wconf 83' lang='lat' dir='ltr'><strong><em>barbare</em></strong></span> <span class='ocrx_word' id='word_1_325' title='bbox 835 3559 976 3631; x_wconf 79' lang='lat' dir='ltr'><strong><em>proverbia</em></strong></span> <span class='ocrx_word' id='word_1_326' title='bbox 991 3560 1014 3614; x_wconf 85' lang='lat' dir='ltr'><strong><em>sl</em></strong></span> <span class='ocrx_word' id='word_1_327' title='bbox 1029 3558 1088 3615; x_wconf 84' lang='lat' dir='ltr'><strong><em>dice</em></strong></span> <span class='ocrx_word' id='word_1_328' title='bbox 1102 3559 1130 3614; x_wconf 87' lang='lat' dir='ltr'><strong><em>di</em></strong></span> <span class='ocrx_word' id='word_1_329' title='bbox 1146 3572 1213 3612; x_wconf 82' lang='lat' dir='ltr'><strong><em>cese</em></strong></span> <span class='ocrx_word' id='word_1_330' title='bbox 1223 3557 1274 3612; x_wconf 80' lang='lat' dir='ltr'><strong><em>else</em></strong></span> <span class='ocrx_word' id='word_1_331' title='bbox 1288 3557 1375 3611; x_wconf 82' lang='lat' dir='ltr'><strong><em>niente</em></strong></span> <span class='ocrx_word' id='word_1_332' title='bbox 1389 3556 1460 3627; x_wconf 77' lang='lat' dir='ltr'><strong><em>vele,</em></strong></span> <span class='ocrx_word' id='word_1_333' title='bbox 1474 3571 1564 3613; x_wconf 85' lang='lat' dir='ltr'><strong><em>essere</em></strong></span> <span class='ocrx_word' id='word_1_334' title='bbox 1578 3574 1658 3615; x_wconf 85' lang='lat' dir='ltr'><strong><em>came</em></strong></span> 
     </span>
     <span class='ocr_line' id='line_1_35' title="bbox 461 3630 1660 3706; baseline 0.002 -18"><span class='ocrx_word' id='word_1_335' title='bbox 461 3633 477 3688; x_wconf 82' lang='lat' dir='ltr'><strong><em>l&#39;</em></strong></span> <span class='ocrx_word' id='word_1_336' title='bbox 488 3650 555 3691; x_wconf 82' lang='lat' dir='ltr'><strong><em>eece</em></strong></span> <span class='ocrx_word' id='word_1_337' title='bbox 566 3642 608 3690; x_wconf 85' lang='lat' dir='ltr'><strong><em>tre</em></strong></span> <span class='ocrx_word' id='word_1_338' title='bbox 622 3636 645 3689; x_wconf 87' lang='lat' dir='ltr'><strong><em>le</em></strong></span> <span class='ocrx_word' id='word_1_339' title='bbox 658 3636 765 3690; x_wconf 89' lang='lat' dir='ltr'><strong><em>lettere.</em></strong></span> <span class='ocrx_word' id='word_1_340' title='bbox 781 3636 837 3692; x_wconf 83' lang='lat' dir='ltr'><strong><em>Che</em></strong></span> <span class='ocrx_word' id='word_1_341' title='bbox 851 3635 986 3706; x_wconf 83' lang='lat' dir='ltr'><strong><em>cegliarne</em></strong></span> <span class='ocrx_word' id='word_1_342' title='bbox 998 3634 1032 3691; x_wconf 80' lang='lat' dir='ltr'><strong><em>tle</em></strong></span> <span class='ocrx_word' id='word_1_343' title='bbox 1046 3642 1119 3691; x_wconf 90' lang='lat' dir='ltr'><strong><em>tutte</em></strong></span> <span class='ocrx_word' id='word_1_344' title='bbox 1133 3630 1246 3704; x_wconf 76' lang='lat' dir='ltr'><strong><em>questa?</em></strong></span> <span class='ocrx_word' id='word_1_345' title='bbox 1259 3633 1310 3688; x_wconf 88' lang='lat' dir='ltr'><strong><em>che</em></strong></span> <span class='ocrx_word' id='word_1_346' title='bbox 1320 3632 1435 3688; x_wconf 84' lang='lat' dir='ltr'><strong><em>sebbene</em></strong></span> <span class='ocrx_word' id='word_1_347' title='bbox 1449 3630 1474 3686; x_wconf 78' lang='grc' dir='ltr'><strong><em>ν’</em></strong></span> <span class='ocrx_word' id='word_1_348' title='bbox 1485 3631 1563 3688; x_wconf 83' lang='lat' dir='ltr'><strong><em>abbia</em></strong></span> <span class='ocrx_word' id='word_1_349' title='bbox 1577 3636 1660 3690; x_wconf 79' lang='lat' dir='ltr'><strong><em>ecrit·</em></strong></span> 
     </span>
     <span class='ocr_line' id='line_1_36' title="bbox 462 3706 1661 3840; baseline 0.003 -77"><span class='ocrx_word' id='word_1_350' title='bbox 462 3711 514 3840; x_wconf 73' lang='lat' dir='ltr'><strong><em>tderi</em></strong></span> <span class='ocrx_word' id='word_1_351' title='bbox 528 3726 543 3767; x_wconf 90' lang='lat' dir='ltr'><strong><em>e</em></strong></span> <span class='ocrx_word' id='word_1_352' title='bbox 557 3711 671 3779; x_wconf 84' lang='lat' dir='ltr'><strong><em>precetti</em></strong></span> <span class='ocrx_word' id='word_1_353' title='bbox 684 3708 710 3765; x_wconf 80' lang='lat' dir='ltr'><strong><em>ei</em></strong></span> <span class='ocrx_word' id='word_1_354' title='bbox 725 3718 794 3768; x_wconf 83' lang='lat' dir='ltr'><strong><em>reta</em></strong></span> <span class='ocrx_word' id='word_1_355' title='bbox 809 3712 968 3782; x_wconf 80' lang='lat' dir='ltr'><strong><em>prenuncia,</em></strong></span> <span class='ocrx_word' id='word_1_356' title='bbox 978 3712 1002 3766; x_wconf 86' lang='lat' dir='ltr'><strong><em>si</em></strong></span> <span class='ocrx_word' id='word_1_357' title='bbox 1015 3710 1080 3768; x_wconf 84' lang='lat' dir='ltr'><strong><em>dere</em></strong></span> <span class='ocrx_word' id='word_1_358' title='bbox 1094 3711 1160 3781; x_wconf 80' lang='lat' dir='ltr'><strong><em>pere</em></strong></span> <span class='ocrx_word' id='word_1_359' title='bbox 1170 3709 1279 3781; x_wconf 79' lang='lat' dir='ltr'><strong><em>seguire</em></strong></span> <span class='ocrx_word' id='word_1_360' title='bbox 1288 3708 1316 3764; x_wconf 85' lang='lat' dir='ltr'><strong><em>ta</em></strong></span> <span class='ocrx_word' id='word_1_361' title='bbox 1328 3706 1525 3766; x_wconf 86' lang='lat' dir='ltr'><strong><em>consuetudine</em></strong></span> <span class='ocrx_word' id='word_1_362' title='bbox 1538 3718 1661 3781; x_wconf 82' lang='lat' dir='ltr'><strong><em>presente</em></strong></span> 
     </span>
     <span class='ocr_line' id='line_1_37' title="bbox 482 3786 654 3859; baseline 0.006 -19"><span class='ocrx_word' id='word_1_363' title='bbox 482 3787 535 3859; x_wconf 78' lang='lat' dir='ltr'><strong><em>egli</em></strong></span> <span class='ocrx_word' id='word_1_364' title='bbox 549 3786 654 3842; x_wconf 84' lang='lat' dir='ltr'><strong><em>erudiri.</em></strong></span> 
     </span>
    </p>
   </div>
   <div class='ocr_carea' id='block_1_6' title="bbox 620 3948 1515 4007">
    <p class='ocr_par' dir='ltr' id='par_1_7' title="bbox 620 3948 1515 4007">
     <span class='ocr_line' id='line_1_38' title="bbox 620 3948 1515 4007; baseline -0.002 -15"><span class='ocrx_word' id='word_1_365' title='bbox 620 3953 704 3992; x_wconf 67' lang='lat' dir='ltr'><strong><em>nune</em></strong></span> <span class='ocrx_word' id='word_1_366' title='bbox 718 3951 859 4007; x_wconf 63' lang='grc' dir='ltr'><strong><em>ὃΙΜἘΝΖΕξ</em></strong></span> <span class='ocrx_word' id='word_1_367' title='bbox 880 3951 1191 3994; x_wconf 65' lang='lat' dir='ltr'><strong><em>rabennantium</em></strong></span> <span class='ocrx_word' id='word_1_368' title='bbox 1205 3948 1364 3991; x_wconf 69' lang='lat' dir='ltr'><strong><em>trutinent</em></strong></span> <span class='ocrx_word' id='word_1_369' title='bbox 1378 3952 1515 3992; x_wconf 70' lang='lat' dir='ltr'><strong><em>wllcflm.</em></strong></span> 
     </span>
    </p>
   </div>
   <div class='ocr_carea' id='block_1_7' title="bbox 460 4082 1665 4845">
    <p class='ocr_par' dir='ltr' id='par_1_8' title="bbox 463 4082 1664 4312">
     <span class='ocr_line' id='line_1_39' title="bbox 503 4082 1664 4160; baseline -0.002 -19"><span class='ocrx_word' id='word_1_370' title='bbox 503 4086 663 4159; x_wconf 77' lang='lat' dir='ltr'><strong><em>Seiegarete</em></strong></span> <span class='ocrx_word' id='word_1_371' title='bbox 677 4088 782 4144; x_wconf 86' lang='lat' dir='ltr'><strong><em>destino</em></strong></span> <span class='ocrx_word' id='word_1_372' title='bbox 796 4086 825 4141; x_wconf 88' lang='lat' dir='ltr'><strong><em>tu</em></strong></span> <span class='ocrx_word' id='word_1_373' title='bbox 839 4086 910 4143; x_wconf 86' lang='lat' dir='ltr'><strong><em>delle</em></strong></span> <span class='ocrx_word' id='word_1_374' title='bbox 923 4102 1017 4159; x_wconf 73' lang='lat' dir='ltr'><strong><em>grece,</em></strong></span> <span class='ocrx_word' id='word_1_375' title='bbox 1032 4083 1102 4142; x_wconf 86' lang='lat' dir='ltr'><strong><em>delle</em></strong></span> <span class='ocrx_word' id='word_1_376' title='bbox 1115 4082 1198 4144; x_wconf 85' lang='lat' dir='ltr'><strong><em>letina</em></strong></span> <span class='ocrx_word' id='word_1_377' title='bbox 1210 4101 1225 4141; x_wconf 92' lang='lat' dir='ltr'><strong><em>e</em></strong></span> <span class='ocrx_word' id='word_1_378' title='bbox 1235 4084 1306 4143; x_wconf 85' lang='lat' dir='ltr'><strong><em>delle</em></strong></span> <span class='ocrx_word' id='word_1_379' title='bbox 1318 4086 1430 4143; x_wconf 80' lang='lat' dir='ltr'><strong><em>italiana</em></strong></span> <span class='ocrx_word' id='word_1_380' title='bbox 1442 4087 1533 4160; x_wconf 77' lang='lat' dir='ltr'><strong><em>lingue</em></strong></span> <span class='ocrx_word' id='word_1_381' title='bbox 1546 4086 1598 4142; x_wconf 85' lang='lat' dir='ltr'><strong><em>che</em></strong></span> <span class='ocrx_word' id='word_1_382' title='bbox 1615 4085 1664 4141; x_wconf 86' lang='lat' dir='ltr'><strong><em>de-</em></strong></span> 
     </span>
     <span class='ocr_line' id='line_1_40' title="bbox 464 4160 1660 4236; baseline 0.001 -22"><span class='ocrx_word' id='word_1_383' title='bbox 464 4177 499 4232; x_wconf 82' lang='lat' dir='ltr'><strong><em>po</em></strong></span> <span class='ocrx_word' id='word_1_384' title='bbox 513 4162 528 4216; x_wconf 84' lang='lat' dir='ltr'><strong><em>l</em></strong></span> <span class='ocrx_word' id='word_1_385' title='bbox 539 4161 584 4216; x_wconf 79' lang='lat' dir='ltr'><strong><em>etle</em></strong></span> <span class='ocrx_word' id='word_1_386' title='bbox 598 4162 733 4233; x_wconf 80' lang='lat' dir='ltr'><strong><em>segaelata</em></strong></span> <span class='ocrx_word' id='word_1_387' title='bbox 745 4178 794 4235; x_wconf 86' lang='lat' dir='ltr'><strong><em>per</em></strong></span> <span class='ocrx_word' id='word_1_388' title='bbox 815 4162 831 4217; x_wconf 77' lang='lat' dir='ltr'><strong><em>p</em></strong></span> <span class='ocrx_word' id='word_1_389' title='bbox 841 4162 988 4236; x_wconf 74' lang='lat' dir='ltr'><strong><em>elegeam,</em></strong></span> <span class='ocrx_word' id='word_1_390' title='bbox 1009 4162 1131 4233; x_wconf 80' lang='lat' dir='ltr'><strong><em>seguiese</em></strong></span> <span class='ocrx_word' id='word_1_391' title='bbox 1148 4164 1166 4218; x_wconf 92' lang='lat' dir='ltr'><strong><em>il</em></strong></span> <span class='ocrx_word' id='word_1_392' title='bbox 1181 4162 1293 4232; x_wconf 83' lang='lat' dir='ltr'><strong><em>secolo,</em></strong></span> <span class='ocrx_word' id='word_1_393' title='bbox 1317 4164 1369 4218; x_wconf 88' lang='lat' dir='ltr'><strong><em>che</em></strong></span> <span class='ocrx_word' id='word_1_394' title='bbox 1383 4179 1467 4220; x_wconf 83' lang='lat' dir='ltr'><strong><em>senne</em></strong></span> <span class='ocrx_word' id='word_1_395' title='bbox 1486 4166 1512 4220; x_wconf 85' lang='lat' dir='ltr'><strong><em>in</em></strong></span> <span class='ocrx_word' id='word_1_396' title='bbox 1531 4163 1626 4235; x_wconf 75' lang='lat' dir='ltr'><strong><em>pregie</em></strong></span> <span class='ocrx_word' id='word_1_397' title='bbox 1640 4160 1660 4216; x_wconf 91' lang='lat' dir='ltr'><strong><em>il</em></strong></span> 
     </span>
     <span class='ocr_line' id='line_1_41' title="bbox 463 4236 1378 4312; baseline -0.001 -20"><span class='ocrx_word' id='word_1_398' title='bbox 463 4238 554 4308; x_wconf 79' lang='lat' dir='ltr'><strong><em>parler</em></strong></span> <span class='ocrx_word' id='word_1_399' title='bbox 568 4253 617 4307; x_wconf 83' lang='lat' dir='ltr'><strong><em>per</em></strong></span> <span class='ocrx_word' id='word_1_400' title='bbox 633 4246 767 4310; x_wconf 74' lang='lat' dir='ltr'><strong><em>scateam,</em></strong></span> <span class='ocrx_word' id='word_1_401' title='bbox 780 4254 795 4294; x_wconf 91' lang='lat' dir='ltr'><strong><em>e</em></strong></span> <span class='ocrx_word' id='word_1_402' title='bbox 809 4242 890 4295; x_wconf 87' lang='lat' dir='ltr'><strong><em>eenre&#39;</em></strong></span> <span class='ocrx_word' id='word_1_403' title='bbox 901 4241 943 4295; x_wconf 87' lang='lat' dir='ltr'><strong><em>aei</em></strong></span> <span class='ocrx_word' id='word_1_404' title='bbox 956 4238 1055 4295; x_wconf 76' lang='lat' dir='ltr'><strong><em>italieni</em></strong></span> <span class='ocrx_word' id='word_1_405' title='bbox 1068 4236 1184 4295; x_wconf 87' lang='lat' dir='ltr'><strong><em>dicieme</em></strong></span> <span class='ocrx_word' id='word_1_406' title='bbox 1198 4241 1378 4312; x_wconf 81' lang='lat' dir='ltr'><strong><em>inecneetti.</em></strong></span> 
     </span>
    </p>

    <p class='ocr_par' dir='ltr' id='par_1_9' title="bbox 460 4313 1665 4845">
     <span class='ocr_line' id='line_1_42' title="bbox 503 4313 1663 4386; baseline 0 -17"><span class='ocrx_word' id='word_1_407' title='bbox 503 4316 539 4369; x_wconf 82' lang='lat' dir='ltr'><strong><em>ln</em></strong></span> <span class='ocrx_word' id='word_1_408' title='bbox 553 4319 677 4369; x_wconf 80' lang='lat' dir='ltr'><strong><em>sentence</em></strong></span> <span class='ocrx_word' id='word_1_409' title='bbox 689 4316 748 4370; x_wconf 81' lang='lat' dir='ltr'><strong><em>elea</em></strong></span> <span class='ocrx_word' id='word_1_410' title='bbox 764 4322 886 4385; x_wconf 82' lang='lat' dir='ltr'><strong><em>seperate</em></strong></span> <span class='ocrx_word' id='word_1_411' title='bbox 898 4313 933 4371; x_wconf 82' lang='lat' dir='ltr'><strong><em>da</em></strong></span> <span class='ocrx_word' id='word_1_412' title='bbox 946 4314 1092 4371; x_wconf 77' lang='lat' dir='ltr'><strong><em>Aristotele</em></strong></span> <span class='ocrx_word' id='word_1_413' title='bbox 1105 4316 1132 4370; x_wconf 90' lang='lat' dir='ltr'><strong><em>in</em></strong></span> <span class='ocrx_word' id='word_1_414' title='bbox 1145 4321 1254 4385; x_wconf 83' lang='lat' dir='ltr'><strong><em>quattre</em></strong></span> <span class='ocrx_word' id='word_1_415' title='bbox 1268 4314 1346 4386; x_wconf 82' lang='lat' dir='ltr'><strong><em>parti.</em></strong></span> <span class='ocrx_word' id='word_1_416' title='bbox 1358 4314 1460 4371; x_wconf 79' lang='lat' dir='ltr'><strong><em>Peiehe</em></strong></span> <span class='ocrx_word' id='word_1_417' title='bbox 1473 4331 1489 4370; x_wconf 90' lang='lat' dir='ltr'><strong><em>e</em></strong></span> <span class='ocrx_word' id='word_1_418' title='bbox 1502 4315 1528 4373; x_wconf 91' lang='lat' dir='ltr'><strong><em>le</em></strong></span> <span class='ocrx_word' id='word_1_419' title='bbox 1541 4322 1585 4370; x_wconf 82' lang='lat' dir='ltr'><strong><em>ste</em></strong></span> <span class='ocrx_word' id='word_1_420' title='bbox 1597 4331 1663 4373; x_wconf 87' lang='lat' dir='ltr'><strong><em>cea-</em></strong></span> 
     </span>
     <span class='ocr_line' id='line_1_43' title="bbox 466 4386 1661 4462; baseline 0.003 -20"><span class='ocrx_word' id='word_1_421' title='bbox 466 4390 562 4461; x_wconf 77' lang='lat' dir='ltr'><strong><em>giunta</em></strong></span> <span class='ocrx_word' id='word_1_422' title='bbox 575 4390 600 4444; x_wconf 85' lang='lat' dir='ltr'><strong><em>la</em></strong></span> <span class='ocrx_word' id='word_1_423' title='bbox 613 4390 733 4462; x_wconf 78' lang='lat' dir='ltr'><strong><em>regione,</em></strong></span> <span class='ocrx_word' id='word_1_424' title='bbox 748 4406 764 4446; x_wconf 97' lang='lat'>0</span> <span class='ocrx_word' id='word_1_425' title='bbox 777 4407 822 4445; x_wconf 90' lang='lat' dir='ltr'><strong><em>ne.</em></strong></span> <span class='ocrx_word' id='word_1_426' title='bbox 834 4391 935 4456; x_wconf 78' lang='lat' dir='ltr'><strong><em>Queete</em></strong></span> <span class='ocrx_word' id='word_1_427' title='bbox 946 4386 1090 4447; x_wconf 78' lang='lat' dir='ltr'><strong><em>secandae</em></strong></span> <span class='ocrx_word' id='word_1_428' title='bbox 1103 4406 1138 4445; x_wconf 86' lang='lat' dir='ltr'><strong><em>aa</em></strong></span> <span class='ocrx_word' id='word_1_429' title='bbox 1150 4391 1224 4447; x_wconf 87' lang='lat' dir='ltr'><strong><em>detta</em></strong></span> <span class='ocrx_word' id='word_1_430' title='bbox 1235 4405 1283 4460; x_wconf 83' lang='lat' dir='ltr'><strong><em>per</em></strong></span> <span class='ocrx_word' id='word_1_431' title='bbox 1293 4388 1311 4445; x_wconf 79' lang='lat' dir='ltr'><strong><em>l&#39;</em></strong></span> <span class='ocrx_word' id='word_1_432' title='bbox 1323 4405 1374 4445; x_wconf 85' lang='lat' dir='ltr'><strong><em>use</em></strong></span> <span class='ocrx_word' id='word_1_433' title='bbox 1388 4390 1460 4447; x_wconf 88' lang='lat' dir='ltr'><strong><em>delle</em></strong></span> <span class='ocrx_word' id='word_1_434' title='bbox 1473 4390 1583 4460; x_wconf 58' lang='lat' dir='ltr'><strong><em>ritule</em></strong></span> <span class='ocrx_word' id='word_1_435' title='bbox 1597 4389 1661 4447; x_wconf 81' lang='lat' dir='ltr'><strong><em>ttttti</em></strong></span> 
     </span>
     <span class='ocr_line' id='line_1_44' title="bbox 465 4463 1662 4538; baseline 0 -17"><span class='ocrx_word' id='word_1_436' title='bbox 465 4473 560 4521; x_wconf 88' lang='lat' dir='ltr'><strong><em>tenuta</em></strong></span> <span class='ocrx_word' id='word_1_437' title='bbox 573 4481 637 4521; x_wconf 90' lang='lat' dir='ltr'><strong><em>vere</em></strong></span> <span class='ocrx_word' id='word_1_438' title='bbox 651 4481 665 4521; x_wconf 92' lang='lat' dir='ltr'><strong><em>e</em></strong></span> <span class='ocrx_word' id='word_1_439' title='bbox 677 4467 903 4523; x_wconf 79' lang='lat' dir='ltr'><strong><em>ineentrestabile.</em></strong></span> <span class='ocrx_word' id='word_1_440' title='bbox 913 4464 981 4522; x_wconf 79' lang='lat' dir='ltr'><strong><em>Ede</em></strong></span> <span class='ocrx_word' id='word_1_441' title='bbox 996 4483 1012 4522; x_wconf 92' lang='lat' dir='ltr'><strong><em>e</em></strong></span> <span class='ocrx_word' id='word_1_442' title='bbox 1025 4466 1176 4538; x_wconf 79' lang='lat' dir='ltr'><strong><em>generales</em></strong></span> <span class='ocrx_word' id='word_1_443' title='bbox 1192 4463 1364 4535; x_wconf 78' lang='lat' dir='ltr'><strong><em>particulare.</em></strong></span> <span class='ocrx_word' id='word_1_444' title='bbox 1381 4465 1521 4536; x_wconf 79' lang='lat' dir='ltr'><strong><em>Generele3</em></strong></span> <span class='ocrx_word' id='word_1_445' title='bbox 1535 4482 1613 4523; x_wconf 84' lang='lat' dir='ltr'><strong><em>come</em></strong></span> <span class='ocrx_word' id='word_1_446' title='bbox 1626 4481 1662 4521; x_wconf 82' lang='lat' dir='ltr'><strong><em>ne</em></strong></span> 
     </span>
     <span class='ocr_line' id='line_1_45' title="bbox 462 4537 1663 4614; baseline 0.003 -21"><span class='ocrx_word' id='word_1_447' title='bbox 462 4537 535 4611; x_wconf 87' lang='lat' dir='ltr'><strong><em>qui-d</em></strong></span> <span class='ocrx_word' id='word_1_448' title='bbox 548 4543 637 4597; x_wconf 80' lang='lat' dir='ltr'><strong><em>itioris</em></strong></span> <span class='ocrx_word' id='word_1_449' title='bbox 650 4562 657 4609; x_wconf 80' lang='lat'>3</span> <span class='ocrx_word' id='word_1_450' title='bbox 674 4540 698 4599; x_wconf 86' lang='lat' dir='ltr'><strong><em>le</em></strong></span> <span class='ocrx_word' id='word_1_451' title='bbox 718 4541 797 4613; x_wconf 86' lang='lat' dir='ltr'><strong><em>quale</em></strong></span> <span class='ocrx_word' id='word_1_452' title='bbox 813 4545 900 4612; x_wconf 83' lang='lat' dir='ltr'><strong><em>speeie</em></strong></span> <span class='ocrx_word' id='word_1_453' title='bbox 914 4542 940 4599; x_wconf 90' lang='lat' dir='ltr'><strong><em>di</em></strong></span> <span class='ocrx_word' id='word_1_454' title='bbox 955 4551 1079 4598; x_wconf 81' lang='lat' dir='ltr'><strong><em>sentence</em></strong></span> <span class='ocrx_word' id='word_1_455' title='bbox 1093 4542 1099 4596; x_wconf 87' lang='lat' dir='ltr'><strong><em>i</em></strong></span> <span class='ocrx_word' id='word_1_456' title='bbox 1115 4544 1191 4614; x_wconf 80' lang='lat' dir='ltr'><strong><em>greci</em></strong></span> <span class='ocrx_word' id='word_1_457' title='bbox 1203 4542 1346 4597; x_wconf 85' lang='lat' dir='ltr'><strong><em>chiemeno</em></strong></span> <span class='ocrx_word' id='word_1_458' title='bbox 1362 4547 1479 4601; x_wconf 87' lang='lat' dir='ltr'><strong><em>Gneme.</em></strong></span> <span class='ocrx_word' id='word_1_459' title='bbox 1495 4541 1663 4599; x_wconf 82' lang='lat' dir='ltr'><strong><em>Particelere</em></strong></span> 
     </span>
     <span class='ocr_line' id='line_1_46' title="bbox 463 4613 1665 4690; baseline 0.002 -20"><span class='ocrx_word' id='word_1_460' title='bbox 463 4613 478 4670; x_wconf 79' lang='lat' dir='ltr'><strong><em>e</em></strong></span> <span class='ocrx_word' id='word_1_461' title='bbox 493 4615 518 4670; x_wconf 87' lang='lat' dir='ltr'><strong><em>la</em></strong></span> <span class='ocrx_word' id='word_1_462' title='bbox 530 4617 639 4690; x_wconf 83' lang='lat' dir='ltr'><strong><em>general</em></strong></span> <span class='ocrx_word' id='word_1_463' title='bbox 655 4625 782 4674; x_wconf 79' lang='lat' dir='ltr'><strong><em>sentence</em></strong></span> <span class='ocrx_word' id='word_1_464' title='bbox 796 4618 932 4687; x_wconf 78' lang='lat' dir='ltr'><strong><em>applicate</em></strong></span> <span class='ocrx_word' id='word_1_465' title='bbox 945 4618 979 4675; x_wconf 85' lang='lat' dir='ltr'><strong><em>ed</em></strong></span> <span class='ocrx_word' id='word_1_466' title='bbox 993 4634 1047 4673; x_wconf 78' lang='lat' dir='ltr'><strong><em>tene</em></strong></span> <span class='ocrx_word' id='word_1_467' title='bbox 1061 4626 1139 4673; x_wconf 82' lang='lat' dir='ltr'><strong><em>certe</em></strong></span> <span class='ocrx_word' id='word_1_468' title='bbox 1152 4633 1266 4689; x_wconf 84' lang='lat' dir='ltr'><strong><em>persone</em></strong></span> <span class='ocrx_word' id='word_1_469' title='bbox 1280 4632 1296 4672; x_wconf 91' lang='lat' dir='ltr'><strong><em>a</em></strong></span> <span class='ocrx_word' id='word_1_470' title='bbox 1324 4631 1400 4688; x_wconf 84' lang='lat' dir='ltr'><strong><em>cese,</em></strong></span> <span class='ocrx_word' id='word_1_471' title='bbox 1417 4634 1507 4674; x_wconf 86' lang='lat' dir='ltr'><strong><em>cerne:</em></strong></span> <span class='ocrx_word' id='word_1_472' title='bbox 1522 4634 1581 4673; x_wconf 87' lang='lat' dir='ltr'><strong><em>nan</em></strong></span> <span class='ocrx_word' id='word_1_473' title='bbox 1597 4619 1665 4675; x_wconf 87' lang='lat' dir='ltr'><strong><em>Cin·</em></strong></span> 
     </span>
     <span class='ocr_line' id='line_1_47' title="bbox 460 4691 1661 4766; baseline 0.004 -23"><span class='ocrx_word' id='word_1_474' title='bbox 460 4706 527 4760; x_wconf 81' lang='lat' dir='ltr'><strong><em>nae,</em></strong></span> <span class='ocrx_word' id='word_1_475' title='bbox 541 4709 598 4748; x_wconf 86' lang='lat' dir='ltr'><strong><em>nen</em></strong></span> <span class='ocrx_word' id='word_1_476' title='bbox 611 4693 712 4766; x_wconf 69' lang='lat' dir='ltr'><strong><em>Syllae</em></strong></span> <span class='ocrx_word' id='word_1_477' title='bbox 725 4692 813 4765; x_wconf 88' lang='lat' dir='ltr'><strong><em>lonqa</em></strong></span> <span class='ocrx_word' id='word_1_478' title='bbox 825 4691 997 4750; x_wconf 87' lang='lat' dir='ltr'><strong><em>dominatio:</em></strong></span> <span class='ocrx_word' id='word_1_479' title='bbox 1011 4693 1035 4749; x_wconf 85' lang='lat' dir='ltr'><strong><em>le</em></strong></span> <span class='ocrx_word' id='word_1_480' title='bbox 1048 4693 1112 4764; x_wconf 85' lang='lat' dir='ltr'><strong><em>quel</em></strong></span> <span class='ocrx_word' id='word_1_481' title='bbox 1123 4702 1248 4750; x_wconf 87' lang='lat' dir='ltr'><strong><em>sentenze</em></strong></span> <span class='ocrx_word' id='word_1_482' title='bbox 1261 4695 1400 4765; x_wconf 87' lang='lat' dir='ltr'><strong><em>ipatetica</em></strong></span> <span class='ocrx_word' id='word_1_483' title='bbox 1409 4693 1496 4750; x_wconf 80' lang='lat' dir='ltr'><strong><em>diviea</em></strong></span> <span class='ocrx_word' id='word_1_484' title='bbox 1510 4695 1602 4749; x_wconf 86' lang='lat' dir='ltr'><strong><em>letica</em></strong></span> <span class='ocrx_word' id='word_1_485' title='bbox 1620 4693 1661 4748; x_wconf 86' lang='lat' dir='ltr'><strong><em>di·</em></strong></span> 
     </span>
     <span class='ocr_line' id='line_1_48' title="bbox 462 4767 1659 4845; baseline 0.003 -23"><span class='ocrx_word' id='word_1_486' title='bbox 462 4768 557 4825; x_wconf 86' lang='lat' dir='ltr'><strong><em>cende:</em></strong></span> <span class='ocrx_word' id='word_1_487' title='bbox 573 4768 700 4827; x_wconf 80' lang='lat' dir='ltr'><strong><em>violenta</em></strong></span> <span class='ocrx_word' id='word_1_488' title='bbox 709 4771 837 4845; x_wconf 83' lang='lat' dir='ltr'><strong><em>imperia</em></strong></span> <span class='ocrx_word' id='word_1_489' title='bbox 849 4786 907 4827; x_wconf 90' lang='lat' dir='ltr'><strong><em>non</em></strong></span> <span class='ocrx_word' id='word_1_490' title='bbox 919 4767 1072 4828; x_wconf 81' lang='lat' dir='ltr'><strong><em>diuturna.</em></strong></span> <span class='ocrx_word' id='word_1_491' title='bbox 1084 4771 1096 4827; x_wconf 94' lang='lat' dir='ltr'><strong><em>l</em></strong></span> <span class='ocrx_word' id='word_1_492' title='bbox 1108 4771 1183 4842; x_wconf 76' lang='lat' dir='ltr'><strong><em>greci</em></strong></span> <span class='ocrx_word' id='word_1_493' title='bbox 1195 4777 1293 4841; x_wconf 84' lang='lat' dir='ltr'><strong><em>queste</em></strong></span> <span class='ocrx_word' id='word_1_494' title='bbox 1303 4771 1392 4841; x_wconf 82' lang='lat' dir='ltr'><strong><em>speeie</em></strong></span> <span class='ocrx_word' id='word_1_495' title='bbox 1406 4769 1432 4827; x_wconf 82' lang='lat' dir='ltr'><strong><em>ei</em></strong></span> <span class='ocrx_word' id='word_1_496' title='bbox 1446 4776 1573 4826; x_wconf 78' lang='lat' dir='ltr'><strong><em>sentence</em></strong></span> <span class='ocrx_word' id='word_1_497' title='bbox 1585 4769 1659 4826; x_wconf 78' lang='lat' dir='ltr'><strong><em>chie-</em></strong></span> 
     </span>
    </p>
   </div>
   <div class='ocr_carea' id='block_1_8' title="bbox 0 0 1976 5592">
    <p class='ocr_par' dir='ltr' id='par_1_10' title="bbox 0 0 1976 5592">
     <span class='ocr_line' id='line_1_49' title="bbox 0 0 1976 5592; baseline 0 7"><span class='ocrx_word' id='word_1_498' title='bbox 0 0 1976 5592; x_wconf 95' lang='lat' dir='ltr'><strong><em> </em></strong></span> 
     </span>
    </p>
   </div>
  </div>
 </body>
</html>
