3942 5592
435 606 620 667 rotomum
632 603 711 665 Nam
723 607 768 664 ito
780 601 864 664 nrbis
878 605 1010 680 raciones
1023 598 1113 676 sorte,
1122 616 1160 660 rse
1171 617 1212 661 an
1225 603 1352 664 consilio
1364 606 1490 684 divisae,
1499 611 1533 667 ai
1541 607 1580 668 ab
1594 609 1650 669 Ca·

435 696 519 761 stelio
534 696 615 758 Novo
637 698 776 757 orientem
797 708 912 768 omens,
925 688 1053 768 interior
1062 708 1140 769 pars
1154 691 1191 752 ab
1204 697 1266 752 ima
1276 692 1373 783 plebe,
1387 700 1416 758 et
1438 704 1588 776 quarstam
1601 699 1650 777 sa·

435 793 578 857 cientibus
600 791 939 867 rundenario-ibasque,
952 793 1088 867 superior
1109 788 1146 849 ab
1159 789 1307 853 mobilibus
1319 793 1516 875 modestiaque
1534 798 1651 861 cioibsm

434 887 592 950 incototnr.
609 887 657 949 Ibi
675 889 769 964 iqitnr
782 888 884 961 amicto
895 898 1009 942 nwaere
1022 885 1156 942 statuam
1175 883 1227 943 nbi
1240 887 1334 963 omnir
1347 885 1453 949 mobile
1465 888 1573 969 intera
1584 896 1651 969 aqi·

433 985 487 1044 iar.
503 981 539 1044 Et
548 986 700 1061 prinm'pio
714 998 844 1043 carceres
857 982 1036 1040 sicariorum
1044 981 1159 1056 petant.
1175 978 1261 1052 Mon,
1274 995 1340 1039 cam
1361 978 1432 1041 inde
1443 982 1588 1063 abdaettn
1604 987 1651 1048 ia·

436 1079 592 1136 mariarum
605 1075 754 1136 maeatas
767 1070 935 1155 effrinqrtnt.
950 1069 1043 1129 dacto
1064 1072 1166 1146 itaque
1179 1069 1410 1130 turbulentorum
1421 1071 1518 1148 atobo,
1529 1076 1654 1152 proclo-

435 1182 515 1225 mare
528 1167 569 1226 ad
580 1164 754 1240 libertatem
769 1163 934 1223 acclamare
945 1160 1131 1238 Imperatori,
1146 1177 1204 1239 per
1217 1161 1588 1245 dccemsimmoectiqaiiam
1597 1172 1655 1229 im·

435 1257 603 1316 mmritntem
612 1255 736 1316 edicere.
751 1254 819 1314 Jam
832 1251 933 1315 adesse
946 1249 1141 1312 Arcbidmem
1153 1249 1303 1329 Austriae,
1317 1255 1345 1312 et
1354 1270 1415 1330 pro
1427 1271 1462 1314 eo
1473 1260 1649 1323 temerariae

430 1347 512 1430 plebi
526 1350 671 1410 earnem
686 1345 1151 1427 Cbassianctamsappanere.snb
1159 1344 1362 1408 bosctamores
1371 1353 1652 1428 caecoseiimportn·

439 1457 505 1518 aar,
512 1457 664 1519 pmqaam
670 1458 763 1520 snpra
770 1439 978 1519 descripsimus
986 1438 1154 1517 piebeorrrm
1167 1441 1584 1518 reatoremomniataminibns
1596 1448 1657 1509 eal·

437 1527 582 1606 iacebant‚
592 1533 700 1610 etpars
715 1533 752 1592 de
765 1531 883 1592 mediam
896 1527 1049 1607 fenestris,
1062 1527 1318 1590 aiiidevestibntis
1327 1527 1404 1609 qaid
1417 1535 1509 1592 tatem
1519 1539 1656 1598 essetec-

434 1621 612 1699 piorabants
622 1625 649 1681 et
662 1625 770 1682 sensim
782 1619 941 1681 nmttitado
951 1617 984 1680 ire
997 1621 1204 1680 Gerreaaormm
1209 1624 1312 1698 partes
1324 1619 1362 1680 ab
1373 1622 1514 1699 Hesperiis
1523 1643 1656 1689 seormm

438 1721 511 1783 ibat.
528 1717 582 1781 Ubi
594 1722 636 1781 ad
648 1722 850 1780 tormentartos
863 1721 890 1778 et
902 1716 1068 1794 obedierim
1080 1720 1198 1778 remam
1211 1721 1266 1792 cst,
1276 1717 1407 1779 tabernis
1419 1720 1537 1782 recineti
1542 1726 1656 1804 jussis,

439 1810 533 1872 matta
544 1813 744 1870 armoramvis
755 1810 936 1887 deprompta,
948 1812 975 1867 ct
984 1805 1072 1885 plebs
1081 1810 1202 1868 inermis
1210 1811 1365 1869 indracto.
1377 1808 1455 1870 ltine
1464 1811 1515 1872 abi
1524 1814 1658 1876 eororam

434 1903 580 1980 penditur
591 1905 772 1981 portorium,
785 1903 836 1959 ant
848 1898 986 1976 rectinet,
1000 1898 1150 1974 saeviendi
1158 1902 1354 1976 principiam,
1367 1903 1395 1960 et
1409 1918 1507 1965 onmes
1518 1922 1554 1965 ea
1567 1906 1606 1966 de
1624 1925 1660 1968 re

395 2013 397 2017 ’
440 2000 573 2075 correpti
585 1998 742 2075 deperditi
754 1996 877 2056 codices.
894 1994 961 2072 Ipsi
972 2012 1039 2055 aero
1050 1993 1152 2054 iarbae
1159 1999 1306 2072 primores
1317 1996 1410 2058 arbro
1423 1995 1525 2061 minc
1536 2000 1611 2078 mee,
1623 2005 1660 2061 at

439 2107 511 2153 snas
532 2097 649 2171 mcertis
661 2090 826 2152 nondreibrm
845 2089 1014 2167 confirment
1032 2092 1145 2167 partes,
1154 2095 1307 2166 personna·
1329 2090 1558 2169 abscondentes,
1571 2095 1656 2157 alins

440 2183 534 2246 aliam
551 2185 772 2245 Cosertanoram
783 2178 959 2259 Rimipm,
971 2179 1054 2242 Vasti
1067 2182 1455 2262 Marebim‚Principem
1461 2184 1662 2250 »triciensium

442 2294 473 2339 se
486 2275 626 2355 appellat.
642 2277 714 2337 Orto
726 2276 840 2335 demam
853 2274 903 2333 die
917 2271 1095 2335 Arcbidncis
1109 2278 1267 2351 irrrnoirem
1284 2275 1520 2336 Germanicarum
1528 2283 1663 2355 portium

393 2435 397 2442 ,
442 2375 559 2447 siymrm
565 2387 640 2446 prae
653 2388 685 2432 se
697 2369 845 2447 serebant.
863 2368 900 2431 tir
914 2370 1069 2429 seditionis
1082 2372 1187 2426 auctor
1200 2370 1380 2446 imprudenti
1389 2368 1475 2447 plebi
1495 2371 1661 2452 atiajocti-

442 2464 517 2540 tare,
531 2460 723 2521 Arcbidacem
731 2474 792 2519 non
803 2456 905 2534 promi
911 2455 948 2516 ab
961 2457 1032 2517 arbe
1045 2456 1155 2517 abesse.-
1167 2457 1337 2536 Princrpem
1349 2457 1555 2538 Aricicnsiam,
1569 2478 1660 2537 quara

441 2573 513 2617 ome
526 2560 705 2635 emaceratos,
719 2555 802 2615 mitte
817 2551 980 2631 trinodem
996 2557 1227 2631 desertam,
1244 2555 1325 2616 Vasti
1334 2552 1532 2617 Marcbionem
1545 2563 1664 2618 tantan·

444 2647 509 2708 dem
522 2651 700 2708 annotomm
714 2644 862 2705 bominem
875 2647 1051 2720 insequenti
1062 2648 1144 2703 nocte
1154 2643 1303 2706 dactaros.
1318 2645 1419 2705 Decem
1428 2646 1527 2706 orittia
1544 2651 1664 2711 Genna-

443 2753 548 2797 norum
570 2741 604 2796 in
614 2734 725 2812 finibus
740 2734 833 2814 aeqm
847 2735 962 2811 aderm,
976 2737 1004 2793 et
1010 2739 1203 2811 pedariorum
1217 2735 1375 2813 barbitione
1397 2740 1460 2797 sais
1474 2737 1565 2798 dictis
1584 2735 1663 2798 loom

437 2830 555 2910 pletori
564 2828 665 2906 fidem.
678 2826 716 2888 In
729 2845 763 2888 eo
775 2830 979 2903 nootnmoper
992 2823 1162 2905 inferiorem
1177 2826 1276 2887 arbem
1290 2827 1439 2906 discurre,
1454 2827 1662 2912 Gembaemta,

446 2924 507 2980 inm
521 2922 563 2981 ad
571 2923 753 2996 piscatorum
766 2917 933 2996 maritum,
943 2920 1106 2978 inmiaoia
1115 2920 1308 2978 coriariorum
1320 2922 1347 2978 et
1361 2919 1402 2978 ad
1411 2918 1570 2981 Mercatura
1582 2927 1662 2983 certa

444 3028 510 3072 cmm
523 3025 622 3071 eornm
632 3000 741 3074 eiciam
748 3007 946 3089 popularibus
960 3007 1098 3069 tramisso
1111 3006 1262 3084 colloquia
1272 3009 1392 3083 dicitnr,
1403 3028 1508 3089 cosque
1520 3017 1662 3075 menimis

437 3112 583 3185 premetis
590 3112 754 3187 propositis
763 3110 915 3182 incitasse,
925 3106 1066 3181 ntcnncti
1078 3108 1127 3165 rai
1136 3105 1253 3165 ordinis
1267 3108 1355 3182 atam
1365 3105 1423 3165 toci
1431 3108 1474 3167 ad
1482 3107 1665 3170 turbandam

443 3204 579 3260 amotores
588 3200 702 3280 fierent,
716 3205 743 3260 et
756 3203 966 3260 sarraeatornm
979 3200 1093 3275 picatis
1106 3195 1251 3274 fascibus,
1266 3201 1294 3256 et
1307 3194 1416 3272 ferreis
1427 3206 1520 3278 amis,
1529 3205 1664 3280 propriis

442 3293 572 3368 t'psomm
586 3296 690 3369 amris⁷
706 3294 855 3369 inrimrcii,
866 3289 1017 3353 metientia
1029 3289 1244 3370 ejaspartibas
1257 3305 1330 3349 esse.
1347 3290 1420 3351 Sam
1432 3297 1509 3352 enim
1521 3293 1557 3353 id
1568 3310 1662 3371 aencis

446 3393 535 3466 eiam,
549 3391 583 3446 nt
597 3393 724 3448 moriam
736 3389 822 3466 citer,
836 3392 880 3448 ita
893 3386 1018 3464 seroces,
1030 3385 1107 3449 nibil
1118 3382 1354 3464 saturnalicia,
1377 3390 1410 3444 at
1423 3393 1479 3463 qai
1489 3392 1520 3447 in
1529 3387 1608 3450 diem
1620 3393 1665 3450 ci·

444 3482 517 3538 cant
528 3475 767 3557 frequentissimo
780 3496 911 3556 manirera,
922 3483 995 3557 qnia
1007 3495 1080 3540 snas
1094 3494 1162 3556 oper
1172 3480 1205 3534 in
1215 3492 1277 3537 ama
1289 3476 1385 3537 sobata
1398 3477 1552 3557 collocaret,
1562 3484 1662 3542 animo

446 3571 576 3630 manime
598 3573 797 3631 consentienti.
814 3569 892 3630 Nam
913 3573 990 3629 mter·
1008 3585 1039 3629 se
1051 3584 1126 3628 anos
1140 3569 1361 3629 cmmietndines
1384 3572 1510 3647 nationi,
1523 3574 1551 3630 et
1565 3586 1631 3632 enm
1644 3589 1665 3631 a

446 3665 587 3725 Patricitr
597 3681 684 3741 qaam
693 3664 862 3743 tonqissime
876 3665 995 3741 distent,
1007 3666 1051 3723 ita
1061 3667 1191 3724 manime
1201 3661 1369 3724 abhorrent·
1382 3663 1573 3738 Qsmmobrem
1586 3666 1663 3727 aiios

447 3761 570 3840 bemiane
583 3762 702 3840 quidem
723 3753 906 3843 respomiisre
918 3761 1016 3839 semar
1027 3763 1103 3824 vette
1125 3762 1162 3824 de
1175 3781 1209 3823 re
1222 3755 1287 3823 cam
1305 3768 1369 3824 seris
1389 3762 1571 3825 deliberare.-
1587 3766 1664 3826 aiios

446 3853 573 3915 modeste
579 3853 627 3915 bis
632 3855 727 3916 verbis
736 3872 869 3933 necasse:
878 3875 894 3911 a
907 3855 963 3915 Vos
970 3853 1119 3915 meliorem
1128 3859 1255 3933 captatis
1261 3853 1480 3932 forinmammos
1487 3860 1663 3918 nostraeoa-

446 3954 518 4011 tenti
530 3954 656 4013 virimar
665 3970 692 4010 r.
703 3952 760 4014 Sed
766 3969 807 4014 ea
813 3955 852 4011 iis
858 3966 1028 4032 ananciten
1042 3955 1106 4012 sime
1119 3953 1246 4014 inridia=
1254 3971 1271 4007 a
1281 3950 1375 4012 Nobis
1388 3956 1563 4028 araoissimo
1574 3957 1664 4012 rrecti-

447 4045 562 4123 9atiam
569 4064 654 4114 onere
663 4051 807 4110 civitatem
817 4047 1043 4129 alacremque
1054 4047 1153 4112 carati
1167 4048 1666 4127 anraasser·ere‚MasametioDnce

448 4146 569 4220 amatis,
583 4163 656 4222 qnos
664 4150 811 4224 patricios
820 4164 882 4223 par
894 4150 957 4205 erat
964 4149 985 4224 j
992 4150 1065 4206 scta
1076 4150 1241 4207 tenniormm
1255 4147 1403 4207 desideria
1416 4143 1529 4221 fovere,
1543 4162 1596 4206 cos
1610 4146 1660 4207 ob·

449 4236 568 4295 stitistis
580 4280 589 4312 ,
602 4244 752 4320 nostrique
762 4240 878 4300 ordinis
891 4243 989 4300 cestra
998 4241 1141 4315 poentio,
1154 4239 1233 4299 ande
1245 4241 1345 4297 minas
1358 4237 1468 4310 demeti,
1480 4240 1523 4296 ita
1537 4255 1605 4315 opes
1618 4236 1667 4315 as·

446 4323 558 4402 stiriae,
571 4330 603 4385 nt
625 4326 691 4403 sere
710 4347 792 4390 memo
805 4333 844 4390 rii
857 4345 965 4407 eoram
979 4345 1052 4405 qaas
1066 4345 1144 4388 nnnc
1157 4332 1190 4389 in
1203 4327 1294 4388 dnbio
1317 4332 1345 4389 et
1359 4327 1456 4388 ardna
1477 4333 1601 4408 recedis,
1615 4333 1666 4390 cai

444 4433 502 4492 per
515 4417 731 4480 cendetissimor
754 4425 907 4483 cruciatos
920 4468 929 4500 ,
944 4425 972 4480 et
981 4424 1127 4498 pessimas
1141 4438 1242 4482 cmrces
1249 4424 1408 4499 parentam
1420 4463 1429 4496 ‚
1443 4419 1597 4480 orbitatem
1608 4438 1668 4483 mon

448 4505 606 4583 fecissetis.-
621 4514 693 4570 essct
716 4511 812 4591 modo,
827 4517 859 4573 ni
872 4517 949 4574 sices
962 4511 1193 4590 rependeremas.
1212 4511 1271 4575 Sed
1278 4515 1414 4589 praestat
1426 4518 1522 4572 cestra
1530 4514 1668 4590 pomereto

452 4608 582 4680 spectare
601 4609 679 4667 tatas
690 4625 716 4664 r.
728 4605 798 4668 Ptns
812 4612 907 4671 tamen
917 4625 1101 4687 pananorrrm
1107 4610 1253 4670 Xaverias
1268 4608 1455 4669 tbasntasin
1469 4609 1556 4669 turba
1573 4615 1667 4670 conci·

452 4698 542 4754 cerat.
559 4693 589 4754 ls
610 4699 686 4756 enim
706 4697 778 4759 boreo
800 4703 964 4763 stadiorum
989 4699 1071 4762 cutia
1082 4698 1218 4777 familiae
1240 4698 1411 4761 oroderrram
1434 4697 1626 4779 bmsrstabat3
1640 4708 1668 4781 ct
