3942 5592
959 639 1016 705 111.

422 830 500 895 Vere
513 846 586 894 sane
599 835 629 892 et
643 826 797 909 sapienter
812 824 891 891 illud
901 842 921 888 a
933 825 1027 890 Poeta
1046 824 1285 890 dicrumzrronor
1297 829 1598 916 ultroneumque

379 921 431 986 hic
445 921 520 986 mihi
537 921 746 1005 optatissimus
766 917 923 1000 petitionis
936 917 1004 984 dies
1016 964 1026 998 ,
1040 934 1105 1000 quo
1120 918 1195 982 cum
1210 920 1243 982 in
1256 929 1380 999 restra,
1395 922 1500 990 Patres
1519 926 1599 989 Gon-

381 1012 500 1094 seripti,
515 1009 708 1094 amplissima
721 1009 851 1075 comitia
864 1007 1059 1093 prodiissem,
1073 1005 1148 1070 hinc
1162 1027 1182 1071 a
1195 1009 1282 1074 robis
1309 1009 1524 1080 honestissimo
1545 1018 1600 1083 Jn·

378 1101 550 1167 risconsulti
565 1118 693 1165 munere
706 1100 877 1178 auctus,›in
890 1099 1003 1164 Forum
1018 1097 1205 1177 deduceres,
1219 1115 1327 1164 omnes
1341 1117 1428 1166 meos
1443 1104 1476 1167 iu
1490 1108 1598 1188 perdi·

379 1197 495 1262 scenda
508 1196 757 1280 Jnrisprudentia
770 1196 901 1266 labores.
915 1213 1083 1277 omnesque
1109 1195 1230 1278 vigilias
1245 1196 1438 1276 sustentavit,
1454 1217 1490 1263 ac
1504 1202 1593 1284 Legi·

376 1288 447 1351 timi
459 1287 554 1354 studii
578 1289 714 1370 quinque
737 1291 897 1370 perpetuos
911 1304 1011 1351 anuos
1024 1292 1055 1350 et
1067 1287 1198 1351 aestivos
1218 1287 1367 1351 recrearit
1389 1288 1521 1354 sudores
1537 1337 1546 1371 ,
1562 1303 1593 1360 et

376 1381 533 1465 hybernos
547 1384 668 1468 algores
682 1384 764 1449 fovit.
776 1383 979 1465 Quapropter,
991 1382 1096 1446 divina
1109 1380 1272 1464 implorata
1281 1400 1350 1465 ope,
1362 1381 1402 1445 ad
1415 1389 1593 1453 tentamina

379 1476 417 1542 de
432 1497 518 1545 more
532 1479 564 1543 in
577 1485 711 1561 utroque
724 1481 792 1563 jure
805 1476 933 1542 tacenda
945 1477 1045 1542 alacer
1063 1477 1204 1560 accingor
1217 1483 1317 1542 vestm
1330 1477 1522 1560 benignitate
1532 1481 1593 1547 tre·

379 1574 444 1648 tus,
458 1575 543 1634 ntea
559 1587 655 1652 aequo
669 1571 774 1636 animo
789 1567 956 1651 accipiatis,
969 1569 1140 1652 vestrisque
1154 1566 1309 1650 suffragiis
1321 1586 1371 1630 me
1386 1566 1417 1630 in
1432 1567 1591 1636 Jnrisoon·

380 1661 535 1729 sultorum
555 1666 663 1731 album
684 1662 836 1730 conscribi
856 1663 954 1728 velitis
972 1663 1118 1747 jubeatis.
1134 1665 1172 1726 ur
1184 1663 1322 1747 primum
1335 1663 1394 1729 Jus
1414 1664 1595 1732 Caesareum

379 1757 457 1822 mihi
472 1761 616 1827 hesterna
629 1761 679 1828 die
694 1760 772 1825 forte
786 1757 926 1825 oblatum
940 1759 1105 1842 aggredior
1121 1760 1154 1824 in
1167 1761 1258 1840 Lapa,
1272 1765 1338 1824 ete.

352 1929 357 1940 Ι
420 1849 523 1917 Primo
537 1852 675 1935 periculo
688 1854 768 1921 tacto
782 1851 822 1917 ad
836 1850 893 1914 Jus
907 1844 1107 1916 Pontificiurn
1119 1857 1245 1915 transeo
1258 1849 1291 1913 in
1306 1855 1380 1932 cop.
1396 1858 1454 1916 etc.

816 1985 1034 2041 GRATIARUM
1050 1986 1165 2039 ACTIO

653 2109 750 2162 Pectore
761 2116 798 2160 sat
807 2105 912 2160 memori
926 2107 998 2160 vestri
1009 2107 1036 2159 in
1046 2125 1084 2160 me
1097 2106 1173 2176 gratia
1186 2105 1244 2158 sacri

690 2189 768 2246 subtr
779 2230 787 2257 ,
799 2200 824 2245 et
834 2190 898 2246 hanc
912 2197 1018 2243 nentem
1029 2198 1132 2259 tempora
1143 2188 1210 2244 uuila
1222 2188 1305 2244 ferent.
