3942 5592
1554 447 1590 507 tlt

399 549 575 611 memoriam
596 546 823 612 coemissimum
849 544 971 623 gloriam
997 544 1125 607 nominis
1139 546 1274 626 Hispani,
1299 546 1452 612 innumera
1475 550 1630 615 Sociorum

402 641 575 722 Principum
591 641 732 721 imperia,
744 645 954 701 sexcentarum
963 640 1264 717 lterumpulnlicamm
1276 644 1341 703 salu
1349 649 1419 717 tem,
1433 645 1569 707 fortunas
1579 649 1631 707 do·

401 741 492 817 nique
506 742 603 800 totius
618 739 751 816 Europae
765 737 792 794 in
804 735 961 794 discrimen
979 737 1115 794 vocavit:
1134 753 1189 813 pro
1203 753 1264 811 quo
1276 737 1321 796 vel
1334 739 1563 815 propugnando,
1582 741 1627 800 rel

397 833 603 912 oppugnando
617 831 698 892 nulla
723 833 771 890 est
788 829 882 888 nostri
896 828 976 888 orbis
992 835 1142 888 torrarmn
1164 847 1250 907 gens,
1271 832 1369 891 nullos
1386 836 1527 909 populos,
1547 836 1627 895 nulla

400 927 495 998 natio,
512 923 633 1002 quaein
649 937 731 982 arma
748 937 803 980 noo
816 925 895 983 ruat.
915 922 936 978 t
952 920 1045 981 Gallis
1062 923 1200 982 hostibus
1214 929 1284 983 sunt
1298 928 1492 1002 quamplures
1509 929 1626 991 atricae

398 1039 503 1101 reges,
517 1025 566 1082 est
590 1026 622 1084 et
638 1020 863 1099 potentissimus
883 1021 978 1078 totius
994 1020 1093 1087 asiae,
1110 1022 1240 1097 reliquae
1255 1022 1383 1096 atricae,
1401 1043 1435 1084 ac
1460 1044 1564 1105 niagno
1587 1045 1626 1089 ex

399 1126 485 1199 parte
500 1122 638 1200 Europae
663 1126 816 1199 tyrannus,
833 1118 998 1179 'l'orcarum
1017 1117 1189 1198 imperator.
1205 1121 1260 1180 Pro
1284 1123 1396 1182 nostris
1410 1121 1548 1201 llispanis
1562 1128 1626 1185 stat

400 1217 526 1295 Angliae
542 1233 609 1286 ren,
624 1218 687 1274 stat
701 1216 880 1274 &slavorum
898 1213 1079 1290 respublica,
1096 1219 1154 1274 stat
1167 1216 1360 1293 Allobrogum
1374 1217 1450 1295 dux,
1463 1223 1544 1280 stant
1559 1223 1625 1298 plu·
1673 1248 1676 1265 ι

395 1328 445 1372 res
458 1309 568 1370 summi
584 1307 750 1370 Germanici
776 1306 892 1383 imperii
906 1308 1068 1386 principos.
1086 1310 1159 1371 ilinc
1175 1311 1202 1370 iu
1220 1311 1332 1388 Belgio,
1346 1331 1381 1373 ac
1394 1314 1552 1375 Germania
1563 1317 1624 1376 bet·

395 1405 473 1476 lum,
491 1403 603 1464 bellum
623 1405 653 1463 io
674 1401 812 1479 Hispania
829 1405 859 1461 et
874 1401 979 1474 Gallia,
994 1404 1022 1462 in
1038 1403 1119 1465 ltalia
1134 1406 1262 1483 denique
1278 1409 1387 1470 bellum
1409 1410 1482 1469 totis
1498 1411 1621 1484 viribus,

394 1503 464 1559 toto
484 1505 593 1561 conatu
615 1499 826 1559 committitur.
844 1498 946 1573 ltaque
959 1501 1041 1559 nulla
1058 1501 1084 1559 io
1100 1501 1218 1578 Europa
1233 1503 1316 1578 regio
1329 1508 1387 1576 est,
1403 1521 1491 1580 quam
1513 1506 1621 1567 bellum

392 1616 451 1658 non
465 1602 653 1674 corrumpat,
678 1614 735 1656 noo
752 1599 868 1673 perdat,
884 1600 918 1656 et
932 1598 1017 1673 quasi
1031 1597 1148 1659 llamma
1169 1616 1230 1661 oon
1244 1606 1329 1662 urat:
1346 1603 1476 1679 undiquc
1491 1605 1597 1663 damna
1612 1649 1620 1671 ,

395 1694 529 1769 undique
542 1694 738 1763 calamitates,
752 1694 884 1770 undique
895 1695 1005 1772 exitia3
1020 1696 1152 1773 nihilque
1164 1701 1224 1758 tam
1236 1716 1337 1776 grane,
1352 1706 1411 1759 tam
1422 1700 1543 1771 durum,
1558 1704 1619 1760 lam

395 1791 542 1852 acerbum
557 1794 636 1868 quod
654 1808 711 1853 non
723 1795 795 1853 haec
809 1791 1020 1854 florentissima
1042 1797 1124 1855 orbis
1141 1779 1288 1857 terrarum
1305 1815 1374 1874 pars
1391 1803 1470 1858 terra
1486 1800 1618 1867 marique.

393 1891 598 1965 perpetiatur.
615 1891 653 1948 tt
667 1890 736 1966 quis
751 1907 881 1965 unquam
897 1892 934 1951 ad
951 1893 1046 1952 nostri
1062 1893 1143 1970 regni
1159 1909 1227 1952 oras
1243 1895 1390 1969 strepitus
1404 1910 1555 1953 armorum
1568 1896 1619 1954 ad·

389 1978 500 2040 senii?
514 1997 662 2055 maenam
682 1982 801 2042 hostilis
819 1984 899 2042 tabu
915 1983 951 2043 od
966 2000 1049 2043 arma
1064 1983 1142 2044 ciere
1157 1984 1237 2044 uiros
1260 1985 1361 2045 audita
1376 1985 1452 2046 est?
1467 1987 1615 2063 quoduam

390 2079 577 2155 explicatum
599 2080 716 2157 siguum
744 2079 840 2140 nisum
868 2083 917 2140 est
935 2081 1123 2156 procinctum
1137 2098 1288 2142 armorum
1316 2080 1466 2144 innuere?
1489 2083 1612 2160 appulit

390 2172 513 2248 quidem
539 2172 576 2232 ad
598 2178 715 2232 nostras
730 2173 893 2232 maritimas
919 2188 987 2232 cros
1002 2173 1201 2234 munitissima
1221 2173 1373 2233 Gallorum
1386 2174 1500 2248 classis,
1525 2173 1615 2233 immo

386 2270 481 2329 etiam
497 2270 525 2329 in
541 2269 673 2329 interiori
689 2287 782 2347 paene
798 2270 883 2342 mari,
899 2275 931 2330 et
948 2271 1048 2346 plures
1062 2272 1138 2345 dies,
1155 2275 1187 2330 et
1201 2287 1218 2329 e
1232 2272 1351 2348 regione
1366 2273 1457 2350 hujus
1473 2270 1554 2331 urbis
1565 2275 1614 2331 est

386 2353 570 2424 immorata:
587 2367 616 2424 at
629 2365 781 2441 quomodo
796 2362 932 2442 appulit?
943 2366 1092 2441 quomodo
1105 2365 1259 2426 immorata
1275 2359 1343 2425 cst?
1355 2382 1412 2426 non
1424 2363 1515 2424 aliter
1525 2365 1611 2442 quip-

390 2480 486 2539 pe,ac
497 2463 524 2522 si
538 2463 786 2524 amicissimorum
805 2464 955 2523 sociorum
971 2466 1105 2523 tutamen
1117 2467 1198 2523 esset
1212 2479 1247 2524 ac
1258 2465 1527 2542 propugnaculum.
1539 2460 1614 2520 Tan-

390 2563 472 2635 tane,
488 2559 570 2620 Deus
586 2560 771 2634 immortalis,
786 2564 835 2620 est
849 2561 929 2638 apud
942 2563 1044 2621 hostes
1058 2561 1096 2620 de
1112 2564 1141 2621 te
1152 2561 1264 2638 opinio,
1279 2565 1310 2619 ut
1326 2560 1485 2619 adversum
1496 2574 1549 2617 eos
1564 2557 1610 2618 nel

387 2653 451 2711 sola
465 2655 635 2713 auctoritas
655 2657 707 2714 tua
724 2654 885 2714 firmissimi
901 2653 1120 2731 certissimique
1144 2653 1275 2715 nostrum
1291 2653 1429 2730 praesidii
1446 2653 1511 2712 loco
1524 2653 1564 2711 sit
1578 2657 1610 2711 et

384 2743 564 2810 habeatur?
578 2748 682 2826 itagna
696 2753 768 2809 sunt
781 2750 855 2808 haec
869 2755 935 2810 tuae
951 2749 1155 2822 auctoritatis,
1172 2749 1274 2808 lubeat
1290 2747 1434 2823 prolerre,
1455 2745 1607 2820 nimenta,

380 2852 540 2925 alquanto
556 2848 604 2907 illa
616 2848 818 2924 providentiae
831 2851 963 2926 majora!
976 2846 1051 2909 Cum
1065 2849 1144 2909 enim
1160 2849 1277 2931 regium
1288 2847 1435 2906 aerarium
1448 2849 1528 2906 esset
1539 2862 1609 2922 pur·

382 2964 419 3007 oe
433 2947 629 3017 exnanstom,
641 2945 757 3023 publica
772 2946 924 3022 uectigalia
938 2962 1032 3023 prope
1046 2947 1310 3022 essentaosorpta,
1322 2943 1449 3003 maxima
1463 2961 1479 3002 a
1493 2947 1523 3004 te
1536 2942 1607 3005 sub-

382 3043 456 3102 sidia
471 3042 508 3101 ad
520 3041 682 3102 monimum
697 3039 820 3111 bellum,
835 3039 1009 3113 cujusmodi
1024 3044 1093 3100 erat
1105 3040 1256 3117 Alpinum.
1272 3038 1393 3098 mirifice
1406 3038 1496 3096 missa
1521 3041 1603 3111 sunt,

381 3140 416 3196 ut
426 3152 523 3207 arma,
536 3150 747 3209 armorumque
764 3132 951 3193 incommoda
962 3135 1083 3193 omnino
1098 3134 1201 3210 procul
1214 3149 1231 3191 a
1246 3133 1343 3204 nobis,
1358 3132 1532 3207 nostrisque
1544 3131 1607 3191 irni-

374 3235 437 3308 ‚bas
449 3234 626 3293 distineres.
644 3234 685 3290 to
710 3230 776 3290 ideo
790 3231 896 3292 ciuitas
909 3235 1015 3292 nostra
1032 3233 1059 3291 io
1074 3232 1189 3308 aliquas
1200 3248 1302 3291 rerum
1325 3230 1518 3290 difficultates
1529 3247 1604 3289 con·

381 3330 458 3405 jecta
474 3325 548 3390 est‘?
562 3349 599 3390 au
616 3328 644 3388 in
659 3334 817 3404 angustias
830 3345 956 3404 mgnum
972 3325 1152 3389 redactum?
1167 3329 1211 3387 llil
1229 3327 1356 3388 istorum
1371 3327 1478 3387 minus.
1497 3327 1599 3398 imino,

381 3427 520 3487 incolumi
535 3429 622 3486 sueto
637 3441 737 3483 rerum
755 3426 894 3483 ubertate
910 3427 1003 3497 atque
1017 3423 1208 3498 abundantia,
1226 3421 1311 3482 uobis
1336 3441 1412 3482 noua
1428 3425 1506 3482 vitae
1521 3438 1602 3482 com·

381 3522 475 3595 moda,
492 3536 572 3597 quae
591 3519 715 3595 quidem
732 3523 845 3578 trintum
873 3518 900 3577 io
923 3534 956 3578 se
969 3518 1122 3578 continent
1146 3518 1296 3590 utilitatis,
1311 3523 1456 3595 quantum
1472 3517 1602 3577 tortasse

381 3617 456 3678 uella
470 3632 522 3676 res
534 3618 705 3692 praeterea,
723 3617 774 3671 tua
789 3613 948 3689 singularis
969 3617 1060 3689 atque
1074 3613 1186 3673 eximia
1201 3613 1387 3690 prouidentia
1400 3613 1512 3673 attulit.
1530 3611 1601 3672 Ete-
1632 3680 1637 3694 ι

385 3715 453 3782 nim,
469 3729 540 3773 cum
557 3713 696 3771 nostratis
712 3712 853 3789 pecuniae
867 3710 1001 3770 conditio
1015 3711 1236 3772 eolalsatorum
1253 3712 1355 3772 iraude
1370 3712 1548 3781 devenisset,
1566 3712 1601 3770 ut

384 3805 441 3880 im
455 3806 535 3867 uuila
551 3806 613 3866 lere
627 3812 708 3866 esset
719 3813 864 3883 perpetua
876 3805 1060 3880 aestimatio,
1075 3822 1164 3882 quum
1177 3807 1271 3866 eidem
1284 3806 1446 3884 Principes,
1463 3802 1600 3863 maximis

382 3904 633 3979 permutationum
654 3901 880 3962 dificultatibus
894 3901 1099 3974 obvenientes,
1114 3902 1231 3979 publica
1246 3899 1424 3960 auctoritate
1438 3898 1598 3969 dederunt,

384 3999 441 4074 jam
456 4019 527 4069 noa,
543 4005 577 4060 et
597 3999 715 4074 quidem
732 3999 887 4074 potissima
912 4015 950 4056 ex
968 3997 1001 4055 iis
1014 3998 1107 4057 rebus
1132 3996 1303 4066 deficiebat,
1319 4010 1396 4068 quac
1417 3991 1600 4068 reipublicae

382 4099 441 4154 tum
456 4096 550 4167 domi,
571 4096 635 4152 tum
647 4092 722 4152 loris
736 4091 897 4151 firmissimi
920 4097 1003 4169 sunt,
1020 4092 1238 4168 certissimique
1253 4088 1334 4150 nervi
1346 4106 1380 4148 ac
1397 4087 1512 4151 lacerti.
1524 4087 1600 4146 Teo-

382 4192 452 4252 tanit
465 4191 601 4271 quidem,
619 4196 652 4252 ut
666 4207 720 4250 sua
738 4195 799 4250 stet
813 4190 921 4267 cuique
935 4190 1014 4264 laus,
1030 4189 1306 4251 excellentissimus
1318 4187 1362 4244 vir
1378 4185 1529 4264 Gasparus
1539 4184 1600 4243 tla-

379 4289 594 4350 ro-Gusmaous
610 4289 693 4348 coria
708 4288 865 4349 falsificata
880 4289 1095 4349 difficilioribus
1113 4289 1193 4365 typis
1209 4291 1292 4346 tanto
1304 4285 1449 4357 ciuitatis,
1466 4275 1598 4361 privato-

380 4403 506 4463 rumque
531 4387 717 4447 incommodo
739 4405 922 4461 occurrere,
947 4405 1050 4448 verum
1071 4385 1187 4463 argenti
1207 4384 1384 4445 difficultate
1405 4383 1522 4444 exitum
1545 4397 1595 4440 res
1702 4414 1719 4454 «Ι

378 4499 430 4544 uon
445 4484 565 4545 habuit.
582 4484 640 4543 sert
661 4485 740 4559 quod
759 4485 809 4543 Vir
823 4484 1006 4544 auctoritate
1022 4483 1221 4560 clarissimus,
1233 4481 1306 4541 dum
1327 4498 1387 4559 pan
1402 4479 1500 4539 omnia
1515 4482 1596 4536 teue-

376 4580 431 4649 ret,
446 4579 605 4639 absolvere
623 4581 701 4640 orauit
717 4582 830 4656 potuit,
847 4586 894 4655 tu,
912 4579 1041 4640 maximo
1063 4580 1145 4640 hello
1160 4582 1327 4656 premente,
1345 4577 1464 4637 utillud
1479 4591 1496 4635 a
1512 4572 1597 4632 anobis

376 4694 500 4753 areeres,
517 4679 553 4737 ad
570 4677 657 4740 flnnem
680 4680 787 4762 oppido
802 4681 983 4759 perduxisti.
1002 4679 1040 4737 Et
1056 4683 1129 4740 haec
1149 4684 1263 4752 tumen,
1279 4695 1356 4755 quac
1371 4678 1408 4737 de
1424 4674 1490 4735 aliis
1512 4688 1595 4731 sum·

373 4769 510 4834 murcia
523 4776 677 4849 tamquam
694 4775 904 4841 maximorum
926 4781 958 4838 et
972 4776 1092 4856 egregia
1105 4774 1310 4849 auctoritatis,
1326 4790 1361 4834 ac
1383 4769 1589 4850 providentiae
