3942 5592
404 525 406 530 ’
440 525 480 588 90

390 636 499 697 raedae
521 637 662 698 innumeri
689 635 825 699 nustrbm
850 641 912 701 loto
928 639 1062 716 pestere,
1079 635 1158 697 omni
1185 635 1287 696 studio
1312 636 1535 716 incumbebant,
1551 642 1612 722 jam

390 734 463 794 baec
478 737 550 796 urbs
570 752 628 796 non
642 736 704 796 sine
718 735 856 812 querelae
872 732 1013 796 admixtis
1028 734 1157 795 lacrimis
1170 733 1354 812 desperaret,
1370 737 1482 814 optimo
1498 739 1612 801 littera·

392 842 457 885 rum
473 828 574 903 generi
590 826 699 903 lavisti,
712 825 851 905 egregiae
863 825 973 888 civium
990 827 1067 886 laudi
1082 826 1271 901 consuluisti,
1284 843 1420 886 summae
1436 833 1555 890 nostrae
1571 833 1614 892 ci·

392 925 492 984 sitatis
505 924 691 1001 amplitudini
714 923 882 1001 providisti.
901 926 1009 1000 ltaque
1020 921 1146 1002 llaJores
1160 937 1274 996 omnes,
1287 923 1338 1001 qui
1353 942 1502 986 summum
1518 927 1610 989 istum

391 1022 511 1081 lionoris
534 1024 660 1099 gradum
676 1040 791 1082 surnrua
805 1023 894 1084 eliam
910 1039 978 1083 cum
995 1023 1081 1082 laude
1095 1021 1302 1094 obtinuerunt,
1319 1038 1356 1081 ea
1379 1022 1463 1083 nobis
1479 1027 1606 1099 praesti·

390 1127 492 1182 terunt
518 1123 624 1194 ollicia,
639 1139 717 1196 quae
734 1122 896 1200 Principes,
911 1123 1049 1198 quamuis
1064 1121 1101 1180 ad
1119 1119 1147 1178 id
1169 1137 1234 1179 rara
1260 1124 1353 1196 atque
1370 1120 1475 1198 insigni
1492 1122 1605 1182 virtute

387 1236 465 1294 opus
481 1221 622 1294 babeant,
641 1219 757 1279 landem
773 1218 933 1294 aliquando
949 1222 1046 1277 tamen
1058 1220 1211 1294 praestare
1226 1221 1369 1292 possunt:
1385 1217 1553 1296 cujusmodi
1567 1237 1602 1279 ea

390 1319 490 1379 luere:
507 1318 687 1378 iocinorosac
710 1334 744 1378 ac
768 1317 976 1378 infestissimae
989 1316 1111 1376 exulum
1135 1321 1249 1375 turmae
1272 1332 1360 1392 agros
1375 1315 1603 1394 depopulantes,

387 1429 442 1491 per
458 1413 590 1487 publicas
603 1411 664 1470 rias
678 1414 861 1488 grassantes,
875 1426 969 1487 pagos
983 1408 1150 1470 minoresve
1165 1408 1255 1469 urbes
1272 1412 1423 1469 vastantes
1438 1412 1609 1490 extirpatus

387 1506 505 1565 omnino
518 1522 553 1564 ac
564 1504 696 1564 deletae:
712 1520 856 1566 annonem
869 1519 958 1582 porro
970 1502 1342 1563 omnium-esculentorum
1358 1502 1603 1578 poculentorum-

318 1599 320 1603 ’
387 1618 446 1677 que
462 1601 641 1663 uberrimam
657 1606 768 1661 sartam
785 1605 952 1677 teclamque
974 1617 1111 1660 serrare:
1129 1599 1246 1659 ludices
1261 1598 1390 1675 denique
1404 1617 1438 1660 ac
1452 1599 1608 1678 llagislra-

387 1704 438 1759 tus
463 1700 597 1777 integrae
612 1699 772 1776 probitatis
797 1717 831 1760 ac
843 1698 922 1770 lidei,
940 1715 1073 1759 summae
1086 1697 1237 1758 doctrinae
1252 1708 1287 1757 ac
1301 1697 1483 1774 diligentiae,
1498 1698 1607 1760 Curiae

387 1795 522 1871 Foroque
535 1813 724 1873 praeponere.
738 1797 818 1870 Quae
834 1795 952 1874 quidem
967 1794 1080 1872 optima
1092 1794 1227 1870 priorum
1244 1792 1411 1870 Principum
1425 1810 1546 1855 munera
1561 1795 1606 1853 vel

386 1887 502 1966 singula
522 1889 634 1968 quippe
649 1889 781 1967 singulos
803 1889 839 1949 ad
855 1904 1005 1949 summum
1020 1890 1113 1963 alque
1126 1884 1342 1963 amplissimum
1358 1885 1455 1945 laudis
1471 1885 1607 1945 honoris·

385 2001 444 2063 que
468 1987 593 2064 gradum
610 1989 794 2048 extulerunt.
812 1987 856 2047 Tu
885 2003 955 2047 vero
970 1989 1090 2063 praeter
1116 1987 1189 2043 haec
1213 1983 1309 2042 omnia
1324 1983 1431 2055 ollrcia,
1447 1999 1482 2042 ea
1509 1983 1536 2043 iu
1554 2001 1607 2042 nos

384 2077 473 2138 etiam
487 2078 628 2140 beneficia
642 2081 807 2152 contulisti,
823 2096 900 2157 quae
917 2077 1209 2156 Principes,.n0nnisi
1234 2077 1330 2137 divina
1347 2077 1475 2152 quadam
1496 2079 1608 2138 virtute

379 2172 526 2247 praediti,
541 2178 633 2250 alque
644 2175 718 2235 adeo
733 2192 824 2251 supra
837 2176 1017 2251 optimorum
1032 2172 1199 2247 Principum
1212 2170 1411 2230 conditionem
1426 2171 1522 2229 erecti
1537 2189 1607 2231 cun·

386 2264 463 2321 terre
474 2263 601 2324 subditis
613 2271 752 2344 possunt.
766 2265 886 2339 Quibus
901 2263 1060 2342 protentis
1076 2263 1169 2322 rebus
1184 2263 1299 2322 nullum
1315 2255 1497 2322 luculentius
1514 2264 1608 2323 hono·

383 2353 425 2413 ris
439 2355 566 2434 ituigne,
583 2359 695 2418 nullum
709 2360 790 2434 grati
804 2358 891 2418 animi
905 2360 1131 2417 nrouumentum
1144 2354 1304 2432 perennius
1317 2356 1372 2416 libi
1382 2355 1483 2416 dicare
1498 2374 1608 2438 posses·

383 2464 464 2526 mus,
480 2466 570 2527 quarn
593 2451 787 2528 ipsorummet
811 2454 932 2510 luorum
949 2450 1159 2510 beneficiorum
1180 2451 1354 2509 memoriam
1380 2450 1602 2526 sempiternam.

385 2546 488 2622 ltaque
501 2553 602 2608 nostra
615 2553 759 2629 perpetua
771 2549 989 2623 recordatione,
1004 2550 1114 2608 nostris
1125 2548 1314 2607 sermonibus
1326 2563 1380 2624 pcr
1393 2564 1480 2608 omne
1496 2566 1604 2610 aerum

384 2645 515 2720 posteris
529 2647 641 2707 nostris
656 2646 742 2723 quasi
765 2663 820 2724 per
834 2663 940 2708 manus
961 2646 1116 2706 tradendis
1130 2645 1303 2705 excolemus
1318 2646 1404 2721 baec,
1422 2660 1499 2719 quae
1524 2644 1562 2704 de
1578 2649 1607 2703 te

383 2741 472 2802 modo
486 2742 694 2820 proponimus:
711 2743 906 2804 tutissimum
920 2759 955 2804 ac
970 2741 1222 2821 sapientissimum
1238 2739 1403 2816 Principem
1415 2740 1605 2801 Franciscum

384 2833 574 2896 Benauidium
589 2837 629 2896 ob
642 2835 938 2914 ciseslleapolitanos
954 2839 1016 2897 lure
1032 2852 1048 2895 a
1064 2833 1320 2912 periculorissimo
1337 2834 1426 2908 bello,
1446 2838 1511 2893 lum
1526 2851 1543 2893 a
1560 2833 1605 2892 lu·

383 2926 549 2988 nestissima
564 2932 648 3005 peste
659 2933 806 3004 serratos,
818 2933 921 3007 alque,
937 2929 976 2988 ob
989 2927 1258 3005 praeclarissimum
1271 2926 1413 2985 bonarum
1427 2925 1599 2986 litterarum

346 3062 350 3069 «
382 3025 583 3101 patrocinium
605 3032 792 3104 susceptum,
806 3024 924 3088 Patriae
939 3030 1056 3087 Patrem
1073 3026 1300 3087 meritissimum
1315 3023 1467 3085 extitisse.
1485 3023 1574 3084 llodo
1587 3047 1605 3088 a

382 3123 413 3178 te
428 3120 627 3197 niaximopere
639 3138 693 3197 pro
707 3125 754 3182 lua
763 3122 871 3182 eximia
881 3139 952 3200 erga
965 3139 1020 3184 nos
1033 3120 1231 3181 munificentia
1243 3120 1332 3179 etiam
1342 3121 1440 3197 ‘alnne
1452 3120 1544 3180 etiam
1557 3139 1607 3181 ro-

381 3232 498 3292 gamus,
513 3234 741 3296 precamurque,
753 3226 785 3282 ul
797 3225 919 3281 tuorum
931 3220 1091 3281 ellectuum
1104 3216 1270 3278 moderatio
1281 3216 1368 3277 cedat
1381 3218 1603 3309 praeclarorum

383 3307 546 3371 facinorum
561 3311 745 3389 amplitudini
760 3320 814 3388 ·,el
830 3314 933 3375 lubeat
955 3314 1042 3374 nubis
1057 3317 1157 3372 lecum
1173 3311 1293 3387 singula
1310 3311 1383 3370 haee
1401 3310 1501 3370 divina
1516 3313 1606 3372 bene·

382 3412 445 3473 licio
462 3415 523 3470 lum
548 3412 584 3470 ad
599 3411 677 3487 grati
695 3412 800 3487 nostri,
816 3430 883 3473 cum
905 3412 943 3473 ad
965 3413 1009 3471 lui
1023 3411 1122 3488 magni
1137 3409 1224 3469 animi
1248 3409 1390 3468 laetitiam
1413 3408 1603 3469 excitandam

382 3520 546 3565 recensere.
562 3504 761 3576 Quamobrem
777 3523 793 3564 a
810 3506 916 3580 primo,
929 3509 960 3563 el
975 3503 1096 3580 quidem
1111 3503 1250 3576 maximo,
1268 3518 1328 3575 quo
1350 3505 1452 3561 nostra
1466 3500 1571 3560 civitas
1585 3521 1603 3563 a

381 3603 460 3662 bello
475 3607 593 3663 servata
614 3607 673 3675 est,
689 3601 893 3664 exordiamur.
909 3600 1033 3676 Semper
1047 3599 1184 3660 arbitrati
1201 3616 1317 3667 sumus,
1342 3598 1482 3674 Princeps
1498 3598 1604 3659 Excel-

380 3695 554 3765 lentissime,
583 3693 653 3754 illud
680 3695 716 3753 ad
743 3695 866 3769 imperia
891 3691 1126 3753 adrrrinislraoda
1153 3693 1410 3753 vehementissime
1434 3693 1598 3769 pertinere,

380 3806 470 3864 quam
486 3791 624 3850 nimirum
641 3789 735 3849 lamae
749 3790 917 3865 opinionem
930 3789 1043 3850 subditi
1057 3805 1092 3849 ac
1107 3788 1217 3863 exteri,
1234 3789 1319 3850 amici
1334 3795 1426 3865 atque
1442 3790 1546 3848 hostes
1561 3789 1600 3847 de

379 3887 512 3967 Principe
539 3888 686 3963 habeant3
704 3904 817 3964 eosque
845 3887 872 3948 in
888 3906 988 3950 rerum
1001 3888 1125 3949 summis
1140 3887 1291 3964 regendis,
1308 3889 1417 3949 celeris
1433 3892 1598 3964 praestare.

380 3983 431 4058 qui
446 3985 625 4045 auctoritate
638 3984 797 4062 plurimum
809 3991 948 4062 possunt.
962 3985 1051 4062 ldque
1064 3985 1148 4045 nobis
1163 3990 1216 4046 too
1230 3985 1368 4061 exemplo
1379 3986 1484 4044 mirum
1499 3984 1526 4042 in
1538 4000 1602 4043 mo-

378 4077 449 4136 dum
465 4082 513 4136 est
524 4077 743 4155 confirmatum,
754 4077 804 4154 qui
816 4077 992 4155 gravissima
1004 4076 1097 4137 tultus
1111 4077 1229 4136 virtutis
1241 4077 1378 4153 opinione
1389 4076 1426 4136 ad
1438 4091 1600 4152 regnorum

378 4173 509 4251 regimen
522 4175 557 4232 iis
568 4191 686 4252 semper
702 4176 885 4253 temporibus
901 4175 1037 4237 delectus
1047 4193 1082 4236 ac
1096 4176 1207 4236 missus
1220 4193 1266 4250 es,
1282 4191 1359 4251 quac
1372 4172 1537 4250 Principem
1548 4190 1603 4232 su·

379 4282 432 4342 pra
454 4282 541 4336 omne,
555 4268 705 4344 cogitandi
722 4286 817 4346 genus
840 4270 870 4329 in
894 4268 1047 4330 laboribus
1063 4268 1254 4339 industrium,
1271 4267 1376 4327 sortem
1399 4268 1427 4328 in
1443 4266 1599 4344 periculis,

377 4364 499 4421 cardum
515 4362 544 4420 in
559 4365 751 4436 consulendo,
765 4370 794 4428 in
808 4365 923 4444 agendo
940 4373 1101 4444 expertum
1116 4366 1330 4427 desiderarent.
1353 4364 1453 4424 Testis
1468 4367 1516 4423 est
1527 4361 1600 4423 Sar·

377 4453 467 4528 dinia,
483 4472 561 4530 quae
585 4473 601 4514 a
623 4457 760 4518 maximis
784 4460 880 4521 civilis
899 4461 968 4520 belli
984 4461 1125 4537 periculis
1147 4464 1200 4520 lua
1215 4459 1339 4532 uirtute,
1355 4456 1480 4517 consilio
1504 4459 1602 4533 atque

377 4563 468 4623 opera
484 4553 530 4607 est
545 4549 669 4610 mirifice
685 4552 821 4613 liberata.
834 4551 933 4613 Testis
943 4559 991 4613 est
1001 4555 1110 4628 sieilia,
1123 4567 1213 4628 quae,
1226 4568 1295 4611 cum
1310 4551 1408 4611 adbuc
1422 4548 1504 4621 tetri,
1520 4549 1600 4610 loedi

375 4646 613 4722 execrantesque
640 4648 910 4713 llamerlinensiurn
935 4651 1005 4712 belli
1022 4652 1155 4728 reliquiis
1179 4654 1349 4724 vexaretur,
1371 4653 1424 4708 luo
1448 4650 1597 4721 edicula,

358 4793 361 4796 ,
377 4740 543 4812 praesentiri
571 4744 621 4800 lua
640 4745 866 4819 tranquillisimo
880 4745 945 4805 ocio
959 4749 1005 4804 est
1021 4745 1173 4806 restituta.
1190 4742 1287 4801 Testis
1308 4747 1356 4801 est
1370 4741 1597 4818 Neapolitanum

282 4896 289 4902 ,
377 4848 519 4908 reguum;
536 4837 566 4892 at
582 4838 711 4908 quantae
726 4836 918 4899 auctoritatis
929 4839 1000 4896 luae
1016 4836 1103 4898 testis
1117 4835 1180 4898 cst!
1204 4833 1319 4895 Bellum
1333 4851 1423 4912 supra
1441 4831 1596 4894 bominum
