3942 5592
454 484 666 667 pagana!
684 583 905 657 Verumtamen,
933 595 969 638 ne
992 574 1109 654 longior
1123 577 1309 656 producatur
1333 579 1442 661 oratio,
1458 599 1561 648 earum
1589 604 1678 652 unam

455 690 508 747 aut
529 685 654 744 alteram
680 696 867 760 prosequar;
883 695 917 738 ae
942 674 1067 753 proinde
1089 674 1232 751 reliquas,
1249 679 1381 752 quantam
1400 696 1454 740 eae
1476 683 1549 757 sint,
1569 684 1678 744 restris

454 777 578 856 ingeniis
602 773 857 850 conjecturasque
879 768 1078 831 committam.
1093 768 1130 826 Et
1145 766 1266 843 quidem
1292 768 1355 828 illas
1369 787 1446 847 quae
1462 772 1594 854 principe
1607 793 1677 838 cum

452 875 557 952 primis
578 873 683 950 dignae
708 869 896 948 judicantur,
913 866 1085 943 religionem
1112 864 1141 924 in
1163 867 1253 926 [teum
1268 863 1420 944 Optimum
1444 868 1622 946 ltairimum,
1644 877 1676 934 et

452 971 596 1050 pictatem
614 971 642 1029 in
658 965 870 1045 rempublicam
884 962 1012 1040 seligere
1028 961 1202 1024 lubeat.Sed
1221 979 1378 1035 cersonae
1393 969 1608 1045 sententiae,ac
1624 987 1677 1030 ne-

453 1065 544 1140 mina,
556 1081 634 1143 quae
647 1063 765 1125 suntad
782 1064 835 1122 bas
851 1059 977 1119 uirtutes
993 1059 1149 1137 perspicue
1161 1057 1370 1135 exprimendas
1381 1063 1562 1140 excogitata,
1577 1065 1675 1126 minus

449 1176 591 1238 expresse
605 1178 655 1222 res
670 1162 696 1220 in
711 1159 877 1237 praesentia
891 1155 1192 1218 describanttitenim
1210 1156 1383 1217 honestade
1400 1159 1448 1221 Dei
1461 1157 1675 1237 Optirniltaxi·

447 1255 486 1313 mi
498 1255 616 1314 numine
626 1257 658 1313 et
672 1256 772 1313 niente
787 1249 898 1328 opinio,
916 1251 962 1327 pia
976 1248 1231 1311 caeremoniarum
1244 1251 1277 1307 et
1292 1265 1446 1309 sacrorum
1462 1269 1533 1312 cura
1546 1258 1670 1335 testata,

450 1348 500 1408 illa
514 1349 610 1409 uirtus
623 1347 752 1410 describi
766 1347 855 1422 solet,
870 1362 947 1423 quae
964 1344 992 1405 in
1004 1345 1095 1407 Deum
1110 1343 1215 1421 religio
1230 1344 1391 1408 vocitatur.
1408 1347 1447 1406 nt
1460 1349 1555 1409 uirtus
1575 1368 1667 1429 quae·
1682 1392 1684 1397 ,

322 1452 326 1465 '
448 1440 515 1502 dam
530 1442 673 1520 religione
684 1440 780 1521 major
793 1440 916 1502 dicenda
931 1441 990 1511 est,
1004 1455 1062 1514 qua
1076 1436 1234 1497 Catharina
1247 1438 1336 1497 Deum
1353 1456 1394 1501 ex
1410 1440 1513 1503 intimo
1528 1462 1618 1506 sensu
1634 1449 1667 1508 et

446 1538 491 1607 ita,
502 1539 693 1617 singulariter
707 1538 865 1617 diligebat,
881 1542 913 1598 ul
924 1541 1030 1599 cuncta
1042 1539 1141 1596 aetate
1158 1532 1469 1614 nullum'transegerit
1494 1539 1587 1618 diem,
1605 1561 1667 1621 quo

445 1633 537 1696 boum
552 1640 634 1697 caste
649 1653 705 1697 non
720 1636 836 1710 adierit,
853 1638 956 1695 semele
968 1650 1025 1692 non
1039 1631 1182 1705 adorarit,
1199 1632 1307 1692 nullam
1320 1648 1389 1692 uero
1403 1639 1574 1715 susceperit
1588 1658 1663 1717 cern,

444 1726 474 1788 in
489 1745 547 1805 qua
561 1728 653 1790 Deum
667 1728 773 1789 ducem
790 1741 847 1785 non
862 1726 901 1784 sit
916 1727 1032 1785 secuta:
1042 1722 1239 1783 adeocertam
1253 1723 1352 1782 animo
1366 1724 1403 1784 de
1416 1742 1533 1787 summa
1548 1728 1663 1790 belbo-

446 1827 539 1889 nitate
551 1826 638 1889 fldem
652 1825 798 1903 concepit,
812 1829 847 1885 ut
862 1824 975 1885 nullum
992 1823 1162 1902 incoeptum
1173 1825 1256 1882 recte
1266 1822 1377 1902 suscipi
1392 1828 1586 1902 putaret,nisi
1604 1828 1665 1890 beo

446 1923 530 2003 prius
545 1941 595 1985 rea
611 1924 672 1985 uoti
689 1924 783 1999 tieret,
794 1922 906 1984 nullum
920 1925 1002 1982 recle
1016 1920 1199 1990 absolutum,
1217 1919 1271 1979 nisi
1286 1923 1356 1980 uoto
1372 1924 1440 1983 ante
1452 1928 1599 2004 concepto
1610 1927 1664 1988 ab·

440 2017 619 2092 solueretur,
634 2019 724 2077 tanta
743 2016 770 2075 in
779 2016 841 2077 Deo
850 2012 975 2077 colendo
985 2013 1085 2074 studia
1101 2011 1215 2091 posuit,
1229 2014 1264 2072 ut
1276 2012 1666 2092 aris,simulaenis,donariis

444 2110 548 2172 binum
572 2109 682 2188 templa
708 2106 861 2186 splendide
886 2105 1090 2184 acmagnifice
1115 2102 1251 2182 augenda
1275 2108 1444 2170 curaverit:
1461 2112 1661 2185 quamobrem

440 2207 523 2270 baud
538 2207 638 2269 minus
652 2207 702 2268 Dei
715 2208 827 2269 cultam
843 2205 1029 2268 ornatiorem
1040 2220 1095 2264 sua
1109 2203 1249 2281 largitate
1264 2202 1347 2276 iecit,
1360 2208 1451 2282 quam
1467 2208 1573 2271 iecerit
1588 2227 1661 2272 suae

442 2306 640 2368 uenerationis
664 2306 804 2384 exemplo
827 2303 1017 2364 sanctiorem.
1032 2302 1109 2373 Quid
1135 2318 1206 2361 vero
1233 2301 1318 2374 illud,
1332 2304 1413 2380 quod
1429 2305 1514 2366 nobis
1538 2308 1661 2384 reliquit

440 2398 714 2473 praeclarissimum
729 2399 868 2475 antiquae
884 2397 1006 2475 pietatis
1030 2395 1057 2455 in
1072 2413 1109 2455 eo
1124 2396 1255 2473 positum
1271 2403 1507 2474 monumentum,
1523 2402 1603 2480 quod
1627 2420 1663 2464 a·

437 2490 668 2552 mobilissimum
686 2489 779 2552 filium
793 2490 929 2566 filiasque
937 2488 1169 2569 jucundissimas
1180 2489 1322 2567 Deiparae
1337 2492 1530 2556 tmmacnlato
1543 2499 1659 2560 Conce-

439 2583 505 2662 ptui
520 2600 536 2643 a
553 2582 647 2661 prima
662 2582 811 2662 cujusque
826 2586 928 2644 aetate
938 2581 1075 2644 deuouit:
1089 2585 1179 2658 atque
1192 2581 1258 2641 illas
1270 2583 1379 2661 regulis
1391 2591 1518 2649 ornatus
1533 2588 1611 2668 uice,
1622 2606 1659 2653 ao

407 2764 409 2768 μ
436 2679 561 2741 nitentis
583 2699 735 2759 purpurae
759 2682 835 2756 loco,
852 2698 928 2769 quae
953 2680 1060 2741 tenella
1076 2680 1241 2759 principum
1266 2682 1400 2744 membra
1424 2685 1582 2761 decebant,
1599 2690 1659 2751 sub

436 2791 545 2852 aspero
571 2774 697 2850 vestitu,
714 2772 861 2852 uirginum
878 2789 963 2835 more
976 2789 1014 2833 eo
1028 2772 1158 2834 Nemini·
1170 2777 1367 2846 sacratarum,
1385 2778 1531 2856 integram
1560 2779 1654 2844 inian-

437 2868 510 2928 liam
524 2866 635 2948 degere
661 2866 777 2929 noluit‘.l
792 2871 877 2928 estne
897 2865 979 2927 aliud
1003 2865 1124 2945 pietatis
1138 2882 1234 2942 aeque
1249 2867 1334 2928 laude
1349 2868 1482 2949 dignius,
1501 2891 1597 2951 aeque
1611 2876 1657 2936 di·

436 2967 552 3046 gnitate
575 2969 777 3045 praestantius
792 2961 1032 3044 argumentum?
1045 2965 1130 3025 Haud
1150 2982 1222 3025 sane
1237 2964 1376 3042 ridetur3
1392 2973 1424 3027 et
1441 2972 1539 3033 tamen
1553 2973 1656 3034 adest:

434 3060 520 3121 adest
536 3061 616 3122 illius
632 3058 755 3119 mirifica
770 3060 799 3118 in
814 3076 937 3137 egenoS,
956 3059 1133 3137 beaupont
1148 3057 1268 3120 Maximi
1279 3058 1393 3136 studio,
1409 3062 1556 3141 largitas:
1571 3067 1659 3128 adest

435 3161 463 3220 in
479 3159 600 3221 levanda
616 3160 782 3220 tenuiorum
810 3157 919 3235 inopia,
934 3158 1163 3235 diligentissima
1177 3173 1265 3218 cura:
1283 3157 1370 3219 adest
1386 3160 1565 3225 incredibilis
1579 3166 1658 3227 affli-

433 3254 490 3318 ctis
513 3271 683 3334 paupernm
700 3254 788 3315 rebus
802 3269 891 3331 opem
913 3253 1027 3315 terendi
1039 3253 1221 3315 sollicitudo.
1239 3252 1308 3314 tude
1323 3258 1382 3331 est,
1398 3274 1454 3318 cur
1467 3258 1598 3335 gaudeat
1620 3280 1654 3324 se

432 3354 570 3416 omnibus
596 3354 687 3433 copiis
701 3355 871 3416 abundare:
890 3352 956 3414 inde
982 3353 1081 3422 babet,
1105 3352 1185 3429 quod
1202 3352 1330 3412 laetetur
1356 3360 1533 3418 cunctarum
1554 3376 1654 3421 rernm

434 3449 575 3512 ubertate
589 3447 715 3523 florere,
732 3455 763 3507 ut
777 3447 814 3506 ad
825 3448 1063 3525 quamplurimos
1091 3447 1153 3506 lieri
1179 3451 1292 3524 posset,
1308 3447 1361 3524 qni
1377 3466 1477 3509 rernm
1502 3453 1653 3530 angustiis

433 3547 651 3625 premerentur,
669 3543 790 3606 max²mi
814 3560 886 3605 suae
909 3544 1095 3605 liberalitatis
1116 3544 1229 3605 tructus
1246 3549 1469 3622 promanarent.
1485 3545 1539 3607 Hic
1552 3549 1652 3610 omnia

432 3635 512 3699 itlius
528 3637 626 3698 studia
652 3636 712 3696 sita
738 3638 825 3696 sunt:
842 3651 990 3713 pauperes
1012 3636 1143 3712 quaerit,
1157 3651 1268 3712 egenos
1291 3634 1445 3714 uestigat,
1460 3639 1652 3699 tenuissimos

433 3738 643 3796 consectatur:
657 3750 714 3795 non
730 3737 833 3812 rogata
855 3732 913 3793 sert
928 3750 1030 3810 opem,
1050 3733 1102 3794 sed
1119 3737 1207 3810 rogat
1219 3730 1314 3792 terre:
1332 3748 1387 3792 non
1403 3733 1561 3811 explicatis
1574 3736 1654 3797 attii·

428 3837 544 3895 ctarum
560 3848 662 3894 rerum
684 3831 815 3909 caussis,
833 3830 885 3892 sed
902 3832 1038 3908 quaesito
1054 3833 1154 3909 potins
1171 3832 1246 3892 bene
1260 3830 1297 3891 de
1310 3829 1376 3890 aliis
1390 3832 1521 3892 merendi
1536 3834 1650 3910 colore,

427 3928 568 3993 beneficia
590 3929 722 3990 consen:
742 3928 821 3989 nulla
837 3947 887 3990 res
907 3927 1115 4007 impedimento
1134 3933 1182 3990 est
1198 3928 1275 3989 iilius
1290 3927 1514 4002 beneticentiae,
1536 3930 1651 3993 nullum

431 4022 576 4100 temporis
592 4027 773 4084 momentum
799 4021 876 4084 illius
891 4021 1060 4101 interpellat
1075 4022 1293 4091 liberalitatem,
1312 4021 1409 4081 nullus
1424 4023 1507 4082 locus
1529 4024 1650 4101 largita·

427 4118 489 4175 tern
505 4114 650 4178 excludit.
667 4113 772 4192 Atque
789 4118 847 4177 bac
870 4117 897 4176 in
913 4121 1000 4195 parte
1014 4115 1170 4186 orationis,
1185 4114 1214 4175 in
1225 4130 1290 4173 eam
1305 4113 1416 4193 legem,
1431 4132 1522 4193 quam
1542 4117 1653 4194 prinei·

425 4207 478 4289 pio
495 4206 566 4265 mibi
588 4206 625 4267 de
642 4207 803 4268 uirtutibus
817 4208 943 4292 dicturo
969 4207 1075 4284 statui,
1092 4205 1386 4281 inrituscommitto3
1399 4224 1466 4268 cum
1490 4225 1582 4269 unum
1597 4210 1653 4270 ati·

422 4298 506 4374 qnod
532 4301 612 4360 itlius
628 4300 812 4365 incredibilis
827 4299 1048 4365 munificentiae
1063 4300 1176 4362 lacinus
1193 4314 1358 4359 memorare
1371 4300 1437 4376 ejus
1452 4294 1576 4362 uirtutis
1591 4319 1653 4363 ma·

401 4446 403 4450 ,
424 4392 609 4470 gnitudome
624 4398 724 4471 cogat.
743 4397 815 4456 Cum
832 4396 910 4455 torte
924 4395 1065 4471 quadam,
1078 4398 1113 4456 ut
1135 4395 1173 4455 ibi
1189 4394 1280 4454 moris
1292 4393 1351 4460 est,
1370 4396 1453 4453 certa
1469 4393 1557 4454 oilicii
1571 4395 1650 4454 ratio

424 4487 568 4549 suasisset
589 4532 600 4562 ,
617 4492 649 4549 ut
665 4491 760 4567 regio,
776 4495 805 4548 et
822 4507 911 4566 qnam
927 4489 1178 4568 splendidissimo,
1192 4489 1244 4565 qui
1254 4502 1319 4547 eam
1332 4486 1497 4562 Principem
1511 4487 1648 4563 deceret,

428 4590 537 4645 ornatu
553 4589 724 4648 concinnata
740 4588 828 4647 domo
844 4590 988 4666 prodiret,
1004 4589 1043 4650 ab
1061 4589 1163 4650 eadem
1180 4601 1292 4666 egenus
1306 4602 1359 4665 per
1374 4583 1467 4645 Deum
1481 4586 1648 4648 obsecrans

426 4677 534 4755 stipem
550 4680 681 4757 rogarit,
699 4698 787 4758 quae,
801 4699 869 4742 cuna
886 4687 1044 4744 numeratu
1059 4687 1198 4762 prompta
1213 4683 1372 4753 nonesset,
1386 4679 1448 4756 ipsa
1461 4678 1579 4740 minime
1605 4684 1646 4740 te-

423 4792 504 4854 rens,
521 4778 601 4853 quod
628 4780 671 4839 uei
693 4779 740 4841 bic
756 4795 832 4842 unns
848 4779 876 4843 in
892 4780 974 4844 onrnl
989 4782 1048 4845 uita
1071 4798 1128 4844 nou
1143 4782 1224 4842 esset
1238 4772 1442 4840 benefaciendi
1458 4775 1553 4852 locus,
1569 4776 1646 4837 miro
