3942 5592
1494 511 1551 569 teti

431 631 592 709 Diqressio,
619 647 681 710 qua
693 637 725 691 in
738 647 799 694 rom
812 634 899 692 entra
908 642 1039 704 causam,
1054 643 1131 706 quae
1144 627 1185 686 ai
1206 640 1324 684 causam
1350 629 1447 683 tamen
1469 620 1590 698 sociat,

385 727 452 772 com
465 729 567 772 oerore
580 711 710 789 quadam
723 714 908 772 divertimur.

429 792 554 853 Reditus
565 796 607 854 ad
616 797 811 868 propositum,
825 808 884 868 quo
896 791 974 852 unde
988 792 1201 852 diverteramus
1215 800 1282 846 eom
1295 784 1392 863 lepore
1404 779 1531 863 quodam
1545 785 1587 843 ad

385 877 550 934 institutam
562 876 722 933 oratiorum
735 875 875 938 redimus.

834 1083 877 1130 DE
887 1079 1136 1131 eoaeoslttoaa.

427 1279 562 1355 Superest
576 1280 618 1339 ad
630 1281 753 1336 anaim
766 1276 946 1350 doctrinam,
959 1279 993 1334 ut
1007 1278 1044 1336 de
1058 1280 1266 1352 compositione
1279 1272 1426 1346 dicamus,
1447 1286 1524 1350 quae
1538 1277 1580 1330 est

382 1359 491 1418 idonea
504 1359 658 1418 veriorum
670 1360 830 1433 structure,
848 1357 889 1416 ad
902 1357 1074 1431 diqnitatern
1085 1359 1229 1419 motionis
1243 1358 1424 1430 comparata.

424 1440 579 1535 Spectatur
591 1444 622 1498 tn
637 1435 683 1498 tris
696 1437 801 1515 trtius,
813 1451 916 1512 nempe
930 1439 1082 1514 torretorre,
1094 1435 1228 1512 periodo,
1248 1439 1275 1500 et
1287 1446 1421 1495 numero.

868 1611 911 1658 DE
924 1607 1101 1659 runcaliae.

424 1760 569 1821 Iurcctura
578 1760 784 1821 elementorum
794 1758 992 1837 syliabarum,
1006 1764 1147 1819 duacum
1160 1762 1407 1837 coaqmentottone
1422 1761 1566 1816 censetur.

425 1840 463 1901 Ia
476 1841 632 1901 literarum
642 1855 787 1901 emoririer
797 1841 958 1900 canendum
970 1842 1014 1900 est
1027 1881 1036 1912 ‚
1050 1855 1088 1900 ne
1101 1856 1204 1900 emam
1218 1841 1424 1899 commistione
1439 1836 1541 1896 iiiutca
1554 1842 1583 1895 et

382 1925 467 1982 vasta
479 1920 625 1997 fundatur
639 1925 735 1979 oratio
746 1924 871 1996 propter
884 1918 1065 1995 frequentem
1073 1921 1219 1980 amodum
1232 1919 1466 1998 complosionem:
1477 1921 1511 1975 nt
1524 1933 1586 1977 rem

381 2007 477 2062 annia
491 2000 631 2078 adipisci,
646 2005 735 2078 atquc
748 2001 964 2077 adeptaeque,
980 2003 1067 2059 avari
1080 2004 1174 2061 amnti
1185 2004 1239 2061 est.
1257 2001 1360 2077 Neque
1374 2001 1414 2058 stt
1430 1994 1585 2078 confraqo·

381 2099 416 2143 sa
424 2086 545 2158 propter
560 2079 705 2158 difficilem
719 2085 939 2141 consonantium
950 2083 1113 2156 coitionem,
1129 2085 1161 2139 ut
1174 2097 1232 2139 ren
1244 2081 1363 2140 Xerses.

423 2161 527 2238 itaque
546 2161 683 2236 motion,
698 2165 725 2221 et
738 2162 872 2240 (tuemem
884 2163 1015 2238 praestat
1030 2164 1193 2220 orationem
1216 2164 1350 2219 cotanda
1371 2158 1515 2221 amatium
1531 2202 1539 2233 ,
1559 2159 1587 2216 et

380 2244 604 2301 consonantium
617 2245 650 2301 ia
662 2240 851 2319 claudendis,
866 2241 1091 2318 aperiendisque
1103 2241 1234 2318 vocibus,
1248 2244 1406 2311 mintura3
1421 2244 1454 2299 ut
1469 2257 1485 2298 e
1500 2240 1587 2296 cuius

379 2339 433 2381 ore
446 2321 531 2381 mette
545 2321 664 2382 dutcior
677 2313 809 2391 effluebat
823 2327 931 2385 oratio.
1244 2372 1248 2380 .
1454 2382 1459 2392 ,

422 2404 579 2462 Praeterea
592 2405 678 2460 cauto
692 2418 765 2477 opus
778 2407 832 2476 on,
846 2420 883 2462 ne
893 2401 1115 2476 frequentemus
1125 2421 1229 2478 voees,
1251 2404 1284 2461 in
1298 2398 1406 2477 quibus
1420 2398 1521 2459 endem
1537 2413 1589 2455 oo-

379 2481 468 2558 catis‚
478 2486 531 2539 aar
545 2497 676 2541 consorte
695 2485 856 2560 repetatur,
868 2487 901 2541 nt
915 2481 1006 2541 iliud:

460 2559 484 2621 0
498 2560 565 2622 Tite
579 2565 645 2622 tute
658 2559 739 2639 Tati,
754 2560 808 2623 tibi
825 2566 908 2623 tanta
921 2566 1051 2642 tyranne
1060 2559 1168 2624 tulisti.

380 2723 404 2778 ἡ
422 2639 501 2702 Nece
511 2643 616 2703 ultim
627 2641 735 2702 sittada
751 2642 958 2721 praecedentis
975 2641 1115 2706 dictiones
1133 2647 1285 2723 repetatur
1303 2646 1337 2702 in
1355 2645 1507 2718 sequentis
1528 2642 1587 2698 ini·

401 2723 434 2796 '0,
445 2725 491 2781 tit:

420 2999 456 3053 La
467 3000 646 3072 Digreasiono,
656 3002 727 3057 coita
738 3003 816 3073 quate
829 3002 1042 3074 graciosameate
1053 3002 1078 3058 ci
1092 3001 1282 3058 atloataniamo
1294 3015 1330 3056 un
1342 3014 1412 3070 poco
1423 2998 1467 3056 dal
1480 3007 1588 3072 sogget·

379 3083 408 3132 to
422 3089 471 3144 per
485 3082 582 3134 trattat-
595 3091 660 3132 cosa
672 3078 722 3134 che
736 3077 750 3134 i
765 3079 827 3134 tuor
840 3077 868 3134 di
883 3094 977 3147 causa,
993 3094 1037 3134 ma
1050 3076 1103 3134 alla
1115 3093 1201 3133 cansa
1213 3078 1302 3148 giova.

380 3147 777 3301 va{siuetitiilrzloggantiitproposito,
791 3155 842 3210 ohe
855 3152 870 3209 e
884 3153 900 3208 ii
912 3154 1049 3228 rioigiiare
1058 3169 1110 3213 oon
1123 3153 1207 3228 garbo
1221 3152 1244 3208 il
1256 3159 1381 3227 soggetto
1394 3150 1482 3208 donde
1491 3152 1517 3207 ei
1530 3165 1590 3206 era·

854 3421 935 3461 DELM
949 3419 1151 3460 composicionis.

416 3572 466 3626 Per
476 3574 581 3640 campis
593 3575 619 3632 ia
629 3577 745 3634 dottriaa
757 3577 827 3635 detto
840 3578 989 3645 adornare,
1005 3578 1030 3632 oi
1043 3577 1144 3633 rimone
1158 3592 1173 3632 a
1194 3576 1251 3632 diro
1270 3574 1342 3632 'steila
1361 3572 1564 3643 composicione
1578 3615 1585 3643 ,
1627 3561 1629 3571 ’

378 3645 453 3732 cnei
466 3645 492 3702 ia
504 3645 600 3735 idonea
614 3660 748 3710 struttuca
760 3654 829 3711 detto
842 3652 943 3724 parole,
958 3652 1061 3709 diretta
1073 3669 1089 3708 a
1103 3668 1214 3712 crescet
1228 3652 1332 3726 dignita
1345 3652 1389 3708 oit‘
1397 3648 1532 3708 oracione.
1554 3652 1590 3706 La

379 3736 400 3776 sr
414 3738 525 3780 asserva
538 3742 563 3782 ia
577 3732 618 3786 tre
629 3745 703 3801 coeo
715 3731 851 3802 giuntara,
867 3729 989 3800 periodo,
1002 3744 1127 3785 numero.

865 3893 945 3934 BELLA
960 3893 1101 3932 GiUNTUM.

416 4037 455 4091 La
468 4035 600 4094 Giontura
613 4038 635 4093 si
647 4036 754 4111 giudice
767 4035 831 4092 dall’
840 4036 938 4092 unione
952 4051 967 4090 e
981 4036 1050 4091 sorio
1060 4036 1087 4092 di
1102 4035 1206 4106 lettere,
1222 4035 1248 4092 di
1260 4033 1364 4106 sitlabe,
1379 4034 1405 4091 di
1419 4036 1524 4108 qaroie.

415 4112 463 4168 Nel
479 4126 613 4170 concorso
627 4115 653 4171 di
666 4115 759 4170 lettere
772 4151 780 4181 ,
795 4128 866 4183 uoqo
880 4111 894 4168 ὲ
906 4111 1028 4182 stuggire
1042 4111 1093 4167 che
1107 4111 1131 4167 ia
1145 4112 1290 4183 irequonza
1303 4110 1372 4169 delta
1387 4111 1479 4185 iargire
1493 4117 1581 4173 vocati

376 4200 430 4239 noa
442 4187 557 4260 obblighi
570 4206 586 4245 a
598 4190 704 4262 pariare
718 4204 733 4243 a
746 4189 833 4245 bocca
851 4188 1025 4260 squareiata3
1049 4203 1126 4243 come
1138 4187 1155 4242 P
1164 4204 1243 4244 avara
1267 4189 1358 4243 anima
1379 4202 1484 4259 sompno
1508 4195 1585 4250 aasia

376 4257 593 4334 &acquisieras
606 4270 786 4323 numentanos
799 4262 875 4319 eche
889 4263 914 4319 ta
923 4264 1068 4335 irequonza
1080 4263 1107 4319 di
1121 4265 1281 4320 consonanti
1297 4261 1399 4318 difficili
1410 4280 1463 4328 aaa
1475 4265 1493 4322 a
1504 4270 1589 4327 reoda

376 4333 395 4389 t'
405 4339 525 4394 oracione
540 4340 619 4416 dura,
634 4348 717 4410 rotta,
733 4336 858 4403 stridula,
873 4355 950 4396 come
969 4362 979 4388 a
994 4342 1077 4396 Rcsse
1090 4340 1170 4395 Serse
1184 4339 1208 4395 ta
1222 4341 1313 4395 Persia
1330 4359 1355 4396 o.

414 4413 507 4469 Porcio
521 4416 603 4474 molle
617 4434 632 4474 e
645 4416 730 4476 tluido
741 4418 768 4473 ci
783 4418 805 4471 si
819 4414 901 4471 rende
914 4416 930 4471 il
945 4414 1069 4471 discorso
1083 4415 1155 4471 datia
1169 4417 1284 4472 mistura
1305 4413 1333 4470 di
1348 4416 1435 4471 vocati
1447 4431 1463 4472 e
1477 4416 1502 4473 di
1517 4434 1588 4477 con·

373 4489 490 4619 ῗοηευῑίἰ
506 4490 556 4547 ohe
567 4493 591 4550 ia
601 4490 729 4568 gradovoi
740 4505 924 4563 suono,come
939 4512 950 4540 «ι
960 4490 1088 4547 ltaiieoni
1100 4491 1193 4548 tablira
1205 4490 1251 4564 pia
1270 4490 1343 4548 dolci
1354 4491 1405 4548 che
1415 4491 1484 4548 meio
1495 4498 1589 4555 uscian

385 4581 400 4621 e
415 4579 505 4635 paroc
522 4585 547 4620 a.

412 4638 509 4711 Diqqiii
522 4641 634 4713 bisogna
647 4657 700 4697 non
712 4660 777 4700 usar
790 4644 815 4701 di
830 4644 935 4715 seguino
946 4642 1029 4699 moite
1042 4642 1116 4711 voci,
1129 4643 1155 4698 in
1165 4644 1210 4699 oui
1224 4643 1251 4699 ia
1262 4649 1350 4700 stem
1360 4644 1479 4701 avocato
1493 4659 1509 4699 o
1523 4663 1589 4705 con·

376 4724 486 4772 sonante
500 4716 522 4770 ai
536 4719 631 4788 ripete3
647 4734 725 4775 aomo
743 4741 754 4769 a
769 4720 809 4775 Tu
822 4720 882 4774 Tito
896 4717 972 4775 Tatio
985 4719 1099 4774 Tiranao
1114 4734 1174 4775 ecc.
1194 4742 1222 4775 ι».

409 4793 435 4848 Ἐ
449 4793 498 4849 che
512 4791 537 4849 ia
551 4793 644 4851 sittaba
656 4794 730 4853 finale
745 4794 814 4853 dotia
825 4811 892 4852 voce
906 4789 1083 4857 antecedente
1095 4810 1148 4851 aon
1166 4795 1188 4853 si
1202 4797 1287 4867 riqoto
1300 4794 1341 4853 net
1365 4796 1497 4868 principio
1518 4799 1587 4858 deiio
1663 4794 1666 4800 ’
