3942 5592
364 580 542 640 ιἰιιιιιιιιιιιιι
555 590 661 636 eures:
676 571 718 632 ad
731 572 811 650 quod
831 589 929 634 munes
948 576 1142 649 mapislratns
1161 579 1256 634 tectum
1276 573 1446 652 frequentes
1466 580 1592 656 majoris

365 673 490 735 tenuis
504 688 613 732 caussa
627 673 813 731 conveniant.
830 671 992 730 Praeterea
1005 668 1150 743 sepulcris
1162 670 1315 746 epitapbm
1329 715 1338 744 ,
1352 690 1428 747 quac
1442 676 1469 733 et
1484 674 1594 738 talium

364 774 463 831 aetam
475 767 606 846 fortium
619 771 751 826 virorum
760 765 862 841 fidem,
874 771 901 824 et
912 779 1009 824 merim
1022 782 1093 841 erqo
1104 783 1153 826 eos
1162 772 1283 843 pratum
1296 772 1427 827 animum
1440 770 1588 852 remeant,

358 868 573 943 proponauar
587 906 595 937 ‚
609 866 643 923 ut
657 878 757 922 omnes
771 864 888 936 sciant,
903 864 930 921 et
939 863 1069 937 posteris
1081 859 1257 938 innoteseat,
1272 864 1352 942 quod
1365 880 1480 923 summa
1492 878 1593 924 eorum

361 961 631 1035 apamienam,
645 962 690 1017 ati
703 956 769 1017 dua
782 955 1001 1034 Andeqoaeusis
1012 997 1019 1021 ,
1032 971 1091 1030 quo
1102 955 1178 1014 alios
1191 957 1360 1034 deterreret,
1375 962 1476 1016 mortis
1490 971 1592 1018 mun-

355 1050 425 1126 pls's
438 1053 474 1110 in
486 1055 570 1127 ipsos
585 1052 678 1111 editis
692 1064 822 1107 coercere
835 1049 958 1105 conatus
973 1050 1028 1114 ιιι·
1040 1047 1164 1120 perinde
1174 1063 1227 1124 eqo
1237 1044 1347 1107 lcorcore
1357 1044 1433 1124 affici
1447 1045 1586 1122 diliqanc,

360 1147 395 1205 ut
408 1143 545 1220 asama
559 1148 620 1203 siat
633 1188 641 1221 ,
656 1149 688 1204 in
701 1159 759 1218 quo
778 1157 907 1201 meamne
923 1141 999 1218 fides
1011 1140 1210 1218 subjectorum
1223 1141 1265 1201 ad
1277 1140 1454 1201 imitandum
1467 1144 1589 1201 caeteris

358 1243 559 1317 proponuntur.
578 1239 663 1300 lllnd
675 1242 772 1298 autern
785 1251 897 1313 morico,
908 1236 989 1312 quod
999 1239 1027 1297 si
1034 1233 1114 1311 forte
1124 1236 1254 1296 madum
1268 1236 1426 1313 Neapolim
1435 1240 1588 1313 inpressas

362 1325 437 1388 baec
450 1316 602 1406 aceepem's
616 1332 728 1405 jusso,
741 1332 872 1404 primum
894 1329 1023 1386 omnium
1036 1326 1069 1386 id
1082 1321 1201 1403 funus,
1215 1325 1323 1402 quibus
1344 1327 1449 1386 indict
1466 1325 1586 1386 bonut-

362 1424 438 1500 bns,
451 1415 639 1502 exequarts3
654 1440 756 1501 meque
771 1424 808 1484 de
822 1440 855 1483 eo
867 1420 967 1498 facto,
980 1438 1051 1482 nam
1064 1424 1142 1482 seire
1155 1426 1259 1500 cupio,
1278 1418 1381 1496 facias
1400 1425 1559 1480 certiorem.
1573 1452 1585 1464 ·
1694 1414 1703 1426 ”

362 1521 555 1596 manae,
572 1519 700 1579 IVidus
708 1518 828 1596 julias,
843 1533 923 1577 auno
937 1516 1093 1580 Macati.
1113 1536 1125 1569 ι

402 1607 511 1687 ltaque
525 1611 661 1672 Daumus
675 1610 827 1688 extemplo
841 1616 925 1688 repta
939 1612 1083 1670 mandata
1095 1651 1104 1684 ,
1118 1628 1154 1670 ae
1167 1609 1272 1673 scdulo
1283 1609 1385 1687 facere
1398 1611 1525 1670 instituit
1535 1629 1546 1666 .·
1556 1615 1587 1668 et

363 1711 397 1766 in
411 1705 477 1765 dau·
489 1704 639 1766 Donnim’ei
651 1725 739 1768 saera
751 1707 845 1775 aede,
870 1722 947 1783 qum
960 1709 987 1764 et
1002 1708 1078 1779 reqii
1086 1709 1171 1784 jnm‘s
1185 1709 1239 1779 ea,
1254 1709 1282 1765 et
1296 1709 1450 1781 utriusque
1463 1705 1524 1761 ciri
1532 1698 1582 1776 fa·

358 1794 496 1856 miliaria
516 1794 653 1872 sepulcra
668 1795 773 1870 babet,
788 1797 838 1855 cdi
848 1795 968 1872 placuit
988 1791 1096 1868 funus.
1117 1796 1189 1856 Tum
1213 1800 1337 1875 Cappeii
1357 1812 1425 1855 ossa
1438 1837 1447 1869 ‚
1461 1809 1538 1869 qnae
1551 1797 1586 1852 in

359 1886 450 1947 &rae
463 1888 578 1947 Mariae
594 1890 756 1949 Coronatac
771 1932 779 1965 ‚
795 1889 826 1946 in
840 1887 1003 1963 Apennins's
1027 1889 1207 1962 Campaniae
1220 1886 1366 1946 montibus
1379 1886 1431 1945 ubi
1443 1885 1583 1945 occubue-

355 1979 407 2035 rat
418 2018 428 2052 ‚
441 1980 502 2036 sila
515 1983 617 2055 mant,
632 1977 738 2057 cffbsso
752 1981 831 2052 sunl,
847 1980 875 2035 et
889 1977 966 2035 clam
980 1981 1012 2035 in
1019 1980 1186 2053 principem
1206 1977 1291 2038 urbis
1315 1993 1411 2037 arcem
1425 2019 1433 2046 ,
1451 1979 1585 2038 Castrum

355 2067 476 2128 Nonum
490 2069 624 2146 dietam,
641 2069 812 2144 translata,
828 2072 856 2126 cl
870 2071 1058 2144 consaepta,
1074 2065 1155 2142 quod
1167 2067 1298 2145 ibimet,
1320 2073 1489 2145 coraposito.
1505 2067 1584 2127 Nam

355 2164 479 2242 Sanqre'e'
493 2168 526 2223 e'n
539 2163 673 2242 ejusdem
687 2169 766 2225 arcis
780 2181 867 2224 saera
887 2164 961 2222 aede
982 2165 1129 2238 inteprum
1143 2163 1267 2239 jacebat
1290 2179 1398 2240 eorpus
1419 2164 1580 2223 ismarum.

353 2252 615 2314 balaenarum·
631 2256 820 2329 (luacsiorem
829 2255 916 2332 jubet
930 2297 938 2330 ‚
953 2259 1007 2329 qni
1017 2255 1054 2313 de
1069 2270 1136 2313 crae
1144 2252 1265 2330 publico
1279 2271 1366 2330 opera
1377 2253 1526 2332 faciunda
1536 2250 1580 2309 lo-

350 2352 417 2420 eet,·
427 2347 609 2428 mandatque
624 2351 781 2410 Benedicta
795 2348 937 2410 Laudato
948 2351 1188 2424 Conprepationis
1201 2353 1369 2411 casinensis
1379 2355 1412 2408 in
1422 2354 1506 2427 nepio
1515 2346 1581 2408 aia·

352 2448 482 2506 nustcrto
495 2442 562 2504 DI).
580 2447 712 2506 Severini
725 2450 752 2506 et
768 2446 862 2507 Sossii
877 2446 988 2521 Priori,
1005 2448 1070 2502 viro
1084 2443 1251 2504 diuinarum
1264 2445 1510 2520 rernmadprime
1524 2439 1577 2498 do·

351 2541 419 2614 cto,
433 2543 467 2599 ut
480 2544 616 2599 oratione
637 2540 732 2600 latina
750 2536 908 2614 defunctos
920 2557 980 2616 pro
994 2544 1132 2598 stacione
1152 2539 1290 2599 laudaret
1303 2582 1312 2616 ,
1327 2544 1354 2600 et
1369 2537 1502 2598 iotanae·
1514 2536 1576 2595 Ba·

346 2632 458 2705 pttstos
471 2648 492 2689 a
512 2629 601 2708 Vico,
615 2634 696 2707 repta
710 2630 896 2707 eloquentiae
906 2629 1086 2707 professori,
1098 2633 1132 2687 ιιι
1142 2632 1237 2689 cetera
1252 2628 1394 2706 funerum
1403 2627 1492 2690 salita
1501 2643 1559 2686 eae
1568 2659 1581 2673 ·

351 2724 510 2798 queram,
525 2737 603 2798 quac
617 2724 716 2780 oruata
730 2739 787 2797 qao
802 2727 952 2780 curatiore
966 2724 993 2779 et
1007 2719 1256 2797 seeaanfeentiora
1276 2719 1483 2795 succederent,
1497 2723 1575 2795 repis

353 2809 393 2870 de
404 2807 511 2885 funere
520 2811 669 2888 placitam
683 2812 753 2870 utili
766 2815 1022 2888 interpretamento
1042 2813 1156 2871 diutius
1176 2813 1301 2869 tractum
1314 2815 1367 2872 est.
1390 2812 1521 2873 Tandem
1534 2806 1581 2868 lli
1592 2863 1595 2869 .
1632 2873 1634 2876 ,

349 2895 413 2958 iat.
424 2902 528 2959 martii
534 2904 643 2959 mensis
651 2903 790 2976 proximi
798 2903 958 2960 indictura.-
970 2899 1024 2960 sed
1027 2901 1132 2977 pridie
1142 2901 1209 2976 ejus
1220 2899 1281 2959 diei
1288 2904 1331 2959 lla
1341 2904 1550 2961 instauratum:
1560 2931 1573 2942 ·

352 2991 445 3055 Pullo
457 3012 544 3055 sacra
558 3000 639 3056 arcis
653 2997 741 3056 aedes
749 3002 884 3073 paratu,
899 3000 927 3056 el
941 3000 974 3055 ia
988 2998 1086 3056 suedia
1098 2997 1171 3057 aede
1185 2999 1326 3055 statutam
1338 2995 1494 3074 feretrum,
1509 2999 1572 3059 eut-

347 3093 407 3151 cita
419 3107 461 3150 eu
473 3107 547 3150 auro
560 3091 662 3151 textili
677 3095 821 3166 stratum,
837 3089 879 3149 ad
892 3095 980 3168 cujus
997 3091 1124 3168 capulos
1136 3090 1292 3168 qemiiicia
1310 3094 1466 3167 utriusque
1485 3099 1571 3154 stem·

345 3186 428 3242 nara
440 3198 499 3240 acu
505 3186 602 3260 picta.
620 3184 715 3260 Super
725 3182 836 3258 feretro
849 3184 909 3242 duo
922 3183 1030 3260 capula
1045 3184 1145 3244 eodem
1158 3184 1245 3241 vestis
1254 3196 1357 3259 periere
1373 3184 1571 3267 circumtecta,

345 3269 390 3330 ad
401 3288 527 3351 quornm
538 3277 692 3334 inauratas
706 3290 787 3335 seras
801 3277 881 3333 certa
893 3274 1037 3354 cujusque
1052 3277 1203 3335 stemmata
1212 3271 1399 3351 pbrpqiata‚
1415 3273 1514 3352 ibique
1527 3285 1574 3342 ιη.

345 3373 395 3428 tns
402 3367 574 3444 plumbatae
587 3370 729 3447 arcuisse,
745 3370 797 3429 abi
811 3375 955 3450 cujusque
970 3389 1036 3433 ossa
1058 3369 1189 3431 secretim
1203 3373 1334 3429 condita.
1351 3368 1446 3448 Super
1458 3392 1574 3456 quoque

344 3461 457 3538 capulo
470 3461 730 3538 conprendimus,
745 3466 841 3541 ensis,
856 3479 985 3541 corona,
1000 3462 1161 3523 nobilitatis
1173 3465 1200 3520 et
1213 3462 1354 3524 militaris
1368 3460 1488 3529 toanis
1500 3471 1572 3526 isui-

343 3553 427 3627 qnia.
443 3550 541 3609 lueto
552 3549 694 3627 feretrum
716 3550 847 3613 bomines
860 3595 868 3628 ,
879 3550 1080 3628 praefectum
1100 3558 1217 3631 isutar,
1232 3553 1352 3629 tupubru'
1372 3560 1449 3616 ceste
1467 3575 1575 3634 qraoes

343 3640 513 3714 perstitimus
526 3640 731 3717 defunctorem
744 3648 884 3720 irnaqines
898 3640 994 3701 trustis
1003 3641 1161 3718 praefixas
1174 3642 1367 3705 antistabant.
1385 3644 1483 3719 Ipitur
1496 3651 1570 3706 tom·

343 3751 434 3811 mm
446 3752 537 3812 snper
548 3736 718 3814 corporibus
732 3755 832 3797 reeens
846 3743 1024 3798 escaramis
1038 3783 1047 3816 ,
1061 3741 1103 3799 ad
1117 3739 1268 3798 meridiem
1290 3756 1383 3817 usque
1403 3758 1490 3799 saera
1499 3746 1570 3817 pia·

341 3831 459 3892 odaria
471 3830 558 3908 facto
572 3879 581 3912 ,
595 3839 622 3892 et
637 3851 772 3910 suprema
788 3832 882 3912 officia
896 3835 1009 3897 soluta.
1026 3837 1153 3898 Meridie
1172 3841 1278 3895 ceacm
1292 3877 1301 3911 ,
1315 3842 1349 3896 in
1361 3840 1440 3896 arcis
1454 3855 1515 3913 qua
1526 3838 1570 3916 ef·

341 3919 498 3995 fercndeem
510 3920 605 3997 sunus
619 3930 694 4001 mat,
710 3933 794 3985 cunci
806 3927 951 3988 militares
966 3930 1103 4004 dispositi
1105 3949 1118 3998 ,·
1133 3932 1161 3987 ct
1174 3928 1374 4004 squalentibus
1387 3931 1493 4006 siqnis,
1503 3949 1569 3991 eer-

291 4064 293 4068 1
342 4023 438 4104 sisque
452 4024 555 4096 armis,
568 4023 596 4079 et
609 4028 716 4083 ruoesto
730 4041 833 4083 sonore
848 4025 956 4084 errilitia
969 4025 1126 4102 defunctos
1141 4025 1260 4103 tepebat
1271 4026 1360 4084 veros.
1381 4024 1516 4102 Verqcntc
1525 4031 1568 4090 ad

338 4131 475 4177 mensum
488 4119 548 4196 die,
561 4124 604 4179 ita
616 4119 710 4196 funus
722 4121 841 4183 etatum.
859 4122 1013 4200 ltineipio
1023 4125 1155 4199 peditum
1170 4121 1272 4181 eobors
1282 4118 1381 4178 codem
1396 4125 1475 4181 tristi
1484 4123 1568 4185 cuttu

334 4213 485 4287 praeibat.
508 4216 580 4276 Tum
594 4218 753 4277 biseentum
767 4237 782 4278 e
797 4219 994 4279 Darniaieaaa
1006 4218 1129 4295 familia
1145 4219 1332 4293 Coenobitae,
1347 4221 1374 4277 et
1389 4215 1567 4279 lataseaitac

343 4311 487 4372 Canonici
500 4329 567 4372 cura
580 4319 710 4376 accensis
733 4314 888 4391 funalibus
909 4316 972 4376 bini
988 4317 1158 4393 procedere.
1174 4317 1252 4375 Dein
1271 4319 1404 4391 qesucrosi
1421 4332 1486 4391 eque
1507 4316 1568 4376 duo

339 4403 427 4484 tanqu
440 4410 591 4472 luctuosae
605 4418 693 4472 restis
710 4411 864 4475 trabebant
878 4419 1010 4493 syrmata
1023 4455 1031 4488 ,
1041 4414 1131 4491 pedes
1145 4416 1333 4490 sanquinem
1346 4417 1566 4478 ostemationem

337 4497 452 4573 foedati
466 4544 475 4578 ,
490 4507 579 4578 quasi
593 4509 625 4562 ul
638 4503 675 4564 de
689 4507 838 4565 industria
859 4508 1028 4582 corruptis,
1042 4503 1162 4580 pundo
1183 4517 1242 4561 non
1262 4502 1394 4580 amplius
1418 4506 1564 4586 elmuinus,

338 4601 407 4655 usui
419 4602 515 4661 essent
523 4606 680 4676 praeterea
694 4603 813 4660 nemini.
831 4598 930 4677 Ibrro,
945 4617 1017 4680 quos
1028 4601 1129 4658 modos
1137 4596 1338 4676 praefectum
1351 4601 1489 4663 dicimus
1499 4607 1564 4662 imi-

337 4692 414 4768 tari,
428 4695 593 4770 pentilirias
607 4698 748 4777 taoraqines
759 4694 981 4776 praeferebant.
998 4700 1099 4760 Funus
1113 4701 1208 4757 amera
1220 4697 1434 4759 comitabantur
1444 4705 1502 4761 riri
1511 4721 1563 4765 no·
