3942 5592
1521 532 1560 592 at

377 645 460 708 nium
482 644 610 722 optima,
626 657 704 720 quae
718 654 840 718 magnas
856 637 1052 717 ingentesque
1066 656 1139 719 opes
1153 645 1186 702 et
1200 642 1300 720 copias
1315 645 1344 703 iu
1358 659 1395 702 eo
1405 657 1494 718 quam
1506 638 1599 704 maxi-

374 758 423 801 me
438 741 535 800 uoluit
549 754 618 800 esse
645 736 758 815 positas
773 738 805 795 et
821 735 932 794 locatus
952 778 961 809 ,
982 739 1014 793 ut
1030 734 1077 795 vel
1093 737 1271 798 tenuiorum
1288 740 1454 816 egestatem
1471 738 1597 808 leuaret,

374 838 423 902 rel
449 835 657 898 honestiorum
679 833 865 895 confirmaret
880 831 1042 905 uirtutem,
1066 849 1211 894 summam
1238 850 1308 894 uero
1333 832 1595 900 existimationem,

372 946 588 1009 summamque
601 928 815 990 auctoritatem
837 927 866 986 iu
881 942 929 999 eo,
946 932 980 987 ut
998 929 1075 1003 apud
1091 929 1332 1005 potentissimum
1349 928 1473 1005 Regem,
1488 942 1523 987 ac
1537 942 1600 987 am-

378 1030 547 1109 plissimum
563 1027 654 1105 Regis
671 1031 820 1100 senatum,
837 1024 981 1085 bonorum
997 1024 1126 1085 omnium
1139 1023 1309 1085 fidissimam
1322 1024 1488 1085 clientelam
1503 1039 1538 1083 ac
1551 1022 1599 1082 dr·

377 1123 547 1184 missimum
562 1119 760 1199 patrocinium
778 1133 993 1193 usquequaque
1015 1118 1193 1196 susciperet.
1210 1120 1248 1177 ut
1264 1120 1378 1179 nullom
1394 1136 1432 1179 ex
1446 1120 1492 1179 bis
1506 1117 1600 1178 omni·
1652 1153 1655 1163 ·

373 1222 432 1282 bas
442 1236 570 1296 regnum
593 1221 652 1292 est,
677 1215 758 1294 quod
770 1231 877 1292 arque,
891 1219 1085 1283 terrestrum,
1099 1217 1207 1277 afficiat
1218 1215 1303 1277 dolor
1313 1221 1345 1275 et
1358 1217 1492 1294 frangat:
1506 1233 1599 1293 quan·

374 1319 552 1398 doqoidem,
568 1319 753 1397 praelerbas
768 1332 870 1376 omnes
882 1314 1063 1389 iustissimas
1072 1313 1300 1388 delcatbariuae
1322 1313 1485 1393 aragoniae
1502 1318 1598 1375 morte

376 1415 496 1478 dolendi
519 1430 654 1486 caussas,
671 1412 755 1472 uobis
778 1411 899 1488 insuper
913 1413 960 1469 est
975 1409 1156 1470 clarissimus
1175 1415 1267 1487 atque
1282 1408 1482 1487 amplissimus
1497 1408 1595 1467 Ludo·

377 1511 464 1571 ricus
488 1525 507 1568 a
521 1507 614 1568 Cerdo
628 1502 929 1567 caeti-Metineusium
952 1504 1028 1576 dux,
1040 1507 1070 1564 et
1084 1503 1210 1564 vicarius
1225 1498 1316 1578 hujus
1341 1500 1425 1577 regui
1442 1499 1591 1576 Princeps,

380 1603 545 1663 maximum
566 1599 679 1661 doloris
694 1599 926 1658 incitamentum.
939 1597 1011 1669 Quis
1027 1596 1106 1658 enim
1122 1616 1218 1673 aequo
1232 1599 1330 1658 animo
1346 1597 1432 1665 terat,
1447 1595 1594 1671 optimum

378 1696 563 1776 Principem,
577 1700 666 1776 eujus
677 1695 772 1757 omnia
784 1695 883 1757 studia
899 1695 926 1754 iu
940 1695 1057 1771 publica
1070 1700 1204 1755 nostrum
1214 1695 1344 1755 omnium
1356 1692 1495 1753 felicitate
1511 1696 1595 1751 tuen·

342 1847 346 1851 ,
377 1796 417 1855 da
433 1794 634 1878 augendaque
646 1794 703 1852 sita
715 1797 798 1865 suut,
813 1793 839 1852 in
854 1793 930 1852 banc
941 1809 1087 1852 summam
1100 1792 1211 1851 doloris
1224 1790 1417 1851 acerbitatem
1431 1788 1600 1865 conjectum

375 1906 444 1949 esse
469 1905 541 1966 prae
563 1890 665 1947 tautae
688 1885 791 1947 Matris
807 1886 923 1961 lunere,
939 1885 1019 1961 quod
1042 1891 1089 1947 est
1111 1885 1258 1960 subjectis
1271 1884 1389 1963 populis
1405 1885 1590 1954 luctuosum,

374 1985 542 2063 primorum
563 1982 659 2044 ordini
674 1984 773 2058 triste,
786 1982 943 2061 Hispanico
958 1982 1083 2057 imperio
1095 1983 1265 2054 molestum,
1280 1981 1391 2058 regnis,
1406 1981 1516 2054 quibus
1526 1997 1597 2041 coo·

374 2083 498 2153 licetur,
511 2079 665 2153 acerbum,
682 2095 717 2139 ac
736 2077 862 2155 denique
877 2076 962 2137 bouis
973 2077 1110 2137 omnibns
1122 2073 1240 2155 graue?
1261 2081 1351 2152 atque
1365 2077 1459 2154 ipsam
1483 2076 1511 2136 iu
1523 2093 1596 2137 casu

374 2180 437 2237 tarn
459 2175 587 2236 aduerso
601 2192 638 2234 eo
652 2175 741 2236 etiam
763 2174 916 2244 solamine,
931 2172 1067 2249 quamuis
1088 2172 1266 2243 miserrimo,
1281 2176 1414 2231 nostrum
1428 2188 1533 2232 caussa
1545 2170 1598 2244 de·

373 2271 517 2332 stitutum
535 2287 667 2342 manere,
680 2271 773 2348 quod,
797 2273 830 2330 ut
843 2271 899 2330 boo
913 2285 1036 2345 reguum
1053 2268 1178 2345 imperio
1193 2269 1306 2329 tamdia
1329 2268 1442 2329 anobis
1453 2273 1598 2348 exoptato

373 2370 507 2444 regeret,
524 2366 579 2445 ipsi
596 2387 653 2428 noa
666 2368 786 2429 licuerit
800 2366 916 2428 Parenti
927 2367 1060 2443 optimae
1070 2367 1200 2426 animam
1214 2366 1314 2444 agenti
1326 2371 1449 2444 praesto
1461 2385 1547 2428 esse:
1562 2371 1596 2428 ut

372 2468 407 2524 et
420 2465 469 2524 itta
482 2464 561 2522 inter
571 2463 737 2525 dulcissimi
752 2464 810 2523 nali
822 2463 978 2540 amplexas
990 2467 1116 2522 mortem
1127 2463 1236 2537 obiret,
1251 2467 1282 2523 et
1295 2463 1342 2523 bic
1355 2480 1497 2541 praesens
1511 2463 1597 2525 ltalri

373 2559 610 2620 amabilissimae
624 2559 718 2620 ollicia
734 2574 873 2638 suprema
888 2558 1087 2635 persolveret.
1105 2558 1199 2617 Tanto
1214 2575 1267 2618 nos
1279 2561 1379 2633 itaque
1396 2564 1552 2636 premente
1564 2575 1598 2618 ac

374 2655 508 2732 undique
521 2655 668 2721 obruente
680 2657 793 2728 dolore,
806 2655 878 2732 quid
893 2660 940 2716 est
955 2654 1048 2732 ipsius
1064 2657 1154 2716 uitam
1167 2672 1234 2716 cum
1246 2656 1365 2716 heroica
1378 2656 1470 2717 terme
1484 2658 1597 2716 uirtute

373 2846 554 2906 amarissimi
577 2848 691 2918 luctus,
713 2852 805 2924 alque
821 2850 894 2907 adeo
909 2847 1033 2908 crudum
1055 2849 1175 2923 vulnus,
1191 2849 1271 2925 quod
1294 2851 1473 2910 medentium
1496 2861 1621 2914 manus

374 2944 555 3005 reformidat
570 2962 604 3003 ac
619 2944 744 3025 refugit,
760 2962 795 3005 ac
811 2945 1011 3020 penitioribus
1034 2945 1117 3005 libris
1133 2947 1292 3006 tractare?
1305 2963 1454 3022 quaenam
1476 2949 1597 3025 proinde

375 3044 499 3098 nostrae
516 3042 618 3117 parles
633 3043 722 3099 erunt
733 3035 752 3100 ‘i
765 3040 902 3116 equidem
917 3040 996 3118 quod
1020 3041 1057 3100 ad
1072 3057 1119 3100 me
1133 3042 1255 3107 attinet.
1270 3059 1331 3117 quo
1347 3059 1394 3102 me
1409 3048 1522 3103 vertam
1550 3060 1600 3102 ue-

376 3132 456 3192 seio:
471 3148 509 3191 an
526 3136 608 3192 tauta
619 3129 738 3208 jactura
754 3134 837 3195 nobis
849 3135 906 3195 erit
920 3135 1050 3195 assiduis
1065 3136 1237 3212 dumtaxat,
1256 3153 1308 3196 uec
1323 3154 1452 3214 unquam
1464 3137 1599 3198 delectu·

377 3229 419 3287 ris
439 3229 580 3307 lacrymis
591 3230 825 3308 persequenda?
841 3232 879 3291 ila
895 3234 966 3294 Saue
980 3233 1132 3309 opinarer.
1149 3234 1203 3294 nisi
1220 3235 1389 3310 postularet
1405 3235 1535 3296 otlicium
1549 3253 1599 3294 su-

377 3336 431 3398 pra
445 3322 590 3399 lacrymas
604 3326 634 3381 et
647 3324 1014 3403 complorationes,·supra
1028 3327 1207 3402 ejulationes
1220 3339 1248 3387 et
1262 3330 1410 3406 plauctus,
1427 3331 1527 3402 aliam,
1542 3347 1601 3406 qua

378 3422 445 3494 apte
469 3422 502 3478 et
517 3419 662 3480 decenter
682 3421 720 3481 de
736 3427 822 3482 tauto
835 3440 905 3483 casu
931 3440 1107 3499 queramur,
1126 3427 1331 3487 inveniendam
1356 3444 1422 3486 esse
1435 3429 1592 3489 rationem.

381 3509 445 3570 Scio
457 3512 598 3588 equidem
614 3514 814 3576 maximorum
825 3517 913 3575 etiam
929 3517 1119 3594 imperiorum
1131 3522 1279 3595 jacturam
1295 3520 1376 3580 bisce
1389 3521 1484 3579 modis
1496 3520 1598 3581 delleri

382 3605 496 3666 solitam
514 3622 601 3679 esse,
619 3622 723 3667 rerum
740 3606 768 3666 id
783 3624 838 3667 uon
855 3613 902 3668 sat
918 3615 979 3686 cst,
1005 3615 1039 3670 ot
1057 3612 1115 3683 itta,
1131 3629 1209 3686 quae
1231 3629 1320 3691 supra
1340 3627 1426 3671 omne
1444 3615 1599 3690 imperium

382 3702 477 3763 animo
492 3703 680 3780 praestabat,
693 3705 782 3785 digne
798 3710 1041 3788 (collacrymetur.
1062 3709 1106 3768 Sit
1123 3713 1236 3788 itaque.
1252 3715 1293 3772 sit
1308 3710 1393 3770 nobis
1408 3713 1596 3788 propositam

384 3794 498 3875 lugendi
509 3798 680 3876 exemplum
696 3802 758 3878 ipse
769 3805 973 3881 anrptissimus
986 3822 1021 3864 ac
1033 3807 1290 3880 praeclarissimus
1302 3806 1398 3866 titius:
1415 3811 1446 3864 et
1457 3807 1600 3882 quemad·

384 3899 500 3958 modum
516 3898 554 3972 is,
568 3904 603 3958 ut
620 3901 702 3979 regio
721 3902 831 3978 spiritu
847 3904 966 3980 lugeret
982 3904 1040 3964 boc
1054 3905 1155 3979 tonus,
1177 3907 1216 3965 ita
1233 3906 1385 3981 splendide
1400 3923 1433 3965 ac
1446 3903 1599 3981 magnifiee

385 3993 485 4053 instrui
499 3993 781 4071 testemonium
799 3997 1026 4060 admirationem
1040 4001 1151 4060 babere
1171 4001 1319 4072 rideatur,
1337 3999 1377 4058 ita
1398 4018 1463 4073 nos,
1484 4005 1518 4059 ut
1530 4001 1600 4059 uiri-

384 4090 445 4150 liter
459 4093 627 4169 lugeamus,
638 4091 725 4168 jurat
740 4098 876 4156 acerbam
892 4099 989 4158 adbuc
1005 4100 1147 4158 refricare
1167 4101 1302 4174 plagam‘,
1321 4100 1425 4172 etqua
1440 4097 1531 4157 datur
1559 4097 1600 4158 iu·

384 4188 466 4262 genio
481 4203 628 4262 perquam
653 4190 781 4249 tourriac
798 4192 947 4264 imbecilli,
964 4195 1068 4252 dolore
1083 4191 1175 4252 etiam
1189 4193 1360 4253 exammato
1374 4196 1404 4249 ct
1421 4192 1543 4268 alllicto,
1560 4195 1600 4252 ta·

384 4283 491 4341 rattate
505 4281 642 4361 dicendi3
656 4284 755 4361 jurant,
774 4288 904 4365 inquam,
922 4290 1015 4348 nostri
1030 4288 1210 4348 acerbissimi
1222 4289 1334 4346 doloris
1351 4287 1490 4364 proprios
1505 4304 1540 4346 ac
1555 4288 1602 4346 iu-

384 4395 493 4455 gentiiis
507 4382 606 4440 torrtes
617 4385 771 4458 accedere,
787 4404 821 4446 ac
837 4387 864 4445 iu
878 4384 972 4464 ipsius
984 4388 1080 4446 vetuti
1095 4386 1181 4464 adyta
1191 4388 1365 4465 penetrare,
1385 4385 1424 4463 ita
1438 4388 1471 4444 ut
1485 4400 1522 4442 eo
1536 4388 1599 4443 iola

384 4475 484 4536 Oratio
508 4483 608 4538 nostru
631 4483 835 4558 contineatur,
861 4501 937 4559 quae
953 4484 1036 4543 vobis
1061 4486 1193 4560 exponat
1208 4482 1395 4541 Catbarinam
1424 4480 1600 4558 brigenium

385 4571 526 4633 laetitiam
537 4575 669 4634 omnium
687 4582 798 4651 natant,
812 4579 837 4638 ci
849 4582 929 4654 uitae
944 4578 1126 4638 cumdolore
1142 4577 1272 4636 omnium
1286 4580 1399 4652 raptam
1415 4590 1602 4650 esse,quam,

383 4672 414 4726 ot
427 4670 509 4728 esset
517 4671 635 4743 optata,
652 4672 714 4730 suis
725 4673 887 4732 commodis
902 4674 1024 4734 mirilico
1040 4673 1158 4732 ornavit
1169 4671 1309 4744 Fortuna,
1321 4674 1353 4730 ut
1365 4671 1497 4746 optatior
1507 4673 1602 4742 esset,

382 4761 491 4823 llatura
503 4764 566 4823 suis
578 4770 762 4828 ornamentis
775 4769 929 4846 insiguiter
947 4769 1043 4844 auxit,
1060 4772 1094 4830 ut
1106 4769 1307 4846 optatissima,
1323 4768 1386 4826 suis
1402 4766 1603 4826 bouisvirtus

380 4860 503 4937 egregie
516 4863 695 4923 cumularit:
710 4882 789 4941 quae
804 4860 863 4927 tria
874 4867 946 4930 dum
955 4882 1083 4945 expono,
1095 4869 1166 4945 peto
1178 4882 1195 4925 a
1206 4865 1305 4944 robis,
1319 4865 1472 4926 auditores
1484 4867 1605 4944 optimi,

446 4964 527 5038 Vico,
548 4972 686 5042 Opurroti.
1213 5037 1218 5062 Ι
1283 4991 1288 5001 ·
1452 4980 1488 5034 lt
