3942 5592
425 525 467 584 98

387 637 548 711 alquanto
564 635 639 696 hanc
652 632 872 694 ornatissimam
888 630 1052 708 Principem
1063 631 1172 692 merito
1184 635 1251 712 jure
1265 632 1387 712 lugetis,
1403 638 1489 697 tanta
1504 638 1604 700 mede

388 733 451 810 ipsa
464 732 553 794 rerba
570 731 726 793 facientem
744 731 896 808 aequitate
906 730 1126 791 attendatis.-
1142 729 1173 789 Si
1188 734 1237 793 illa
1251 727 1371 810 quidem
1382 752 1503 814 semper
1517 736 1604 797 bonis

386 831 524 890 omnibus
540 830 577 891 de
602 828 753 907 cujusque
769 829 854 891 obitu
869 829 1079 890 honestissima
1095 830 1247 891 moerendi⁴
1257 833 1334 907 ratio
1349 833 1411 895 visa
1422 836 1482 907 est,
1500 834 1608 895 iccirco

386 926 515 1003 alicujus
528 930 655 987 mortem
677 925 793 1000 lugere,
810 922 889 999 quod
901 923 1039 983 eumdem
1052 923 1194 984 orbatum
1210 923 1287 986 uitae
1300 925 1461 986 commodis
1475 927 1605 987 arbitra·

388 1037 467 1093 mru,
476 1018 697 1079 ardentissimas
708 1021 792 1078 certe
803 1017 938 1077 dolorum
951 1016 1032 1076 laces
1043 1016 1150 1076 anbrris
1162 1017 1400 1094 uuiuscujusque
1412 1022 1546 1080 restrum
1558 1021 1610 1080 ad·

387 1119 482 1174 uiolas
497 1133 565 1176 esec
582 1132 704 1177 necesse
717 1120 776 1189 est,
790 1114 869 1188 quod
884 1112 1105 1191 spectatissima
1117 1114 1274 1173 Catharina
1289 1113 1435 1190 hragonia
1450 1131 1485 1175 ea
1500 1132 1607 1178 excoe-

386 1211 461 1271 eeril
476 1210 547 1287 rita,
563 1228 640 1288 qrrae
655 1212 713 1270 etsi
739 1209 766 1269 in
782 1227 839 1270 uua
856 1209 980 1283 virtute,
997 1207 1077 1283 quod
1090 1210 1137 1267 est
1151 1224 1314 1280 summum,
1331 1207 1429 1267 omnis
1443 1210 1540 1286 posita
1558 1229 1606 1270 es·

386 1312 445 1380 sel,
457 1313 524 1369 erat
537 1308 658 1386 insuper
667 1309 783 1368 cranclis
796 1305 935 1367 omnibus
947 1305 1097 1364 Fortunae
1111 1320 1146 1364 ac
1158 1304 1286 1364 Naturae
1298 1306 1394 1382 bonis,
1407 1307 1519 1383 quibus
1533 1326 1607 1369 cun·

384 1408 501 1464 clarum
519 1405 665 1464 virtutum
680 1400 857 1461 exercitatio
870 1397 1025 1477 omnisque
1039 1415 1112 1458 usus
1127 1400 1308 1473 continetur,
1328 1417 1543 1480 usquequaque
1561 1419 1605 1462 re

385 1500 472 1560 herla.
490 1502 592 1580 Neque
607 1501 690 1561 uubis
704 1498 801 1558 audiri
815 1497 955 1560 existimo
970 1497 1037 1555 illos
1053 1495 1129 1555 ritae
1140 1496 1246 1557 officiis
1270 1496 1469 1559 instituendae
1481 1492 1611 1578 pmece''

385 1603 501 1677 ptores,
515 1598 567 1674 qui
581 1596 643 1655 sola
655 1596 765 1655 uirtute
782 1593 918 1654 contenti
932 1599 1039 1655 cuncta
1055 1594 1170 1669 reliqua
1185 1611 1241 1654 non
1258 1594 1344 1654 modo
1359 1595 1482 1673 superbi
1497 1595 1598 1672 despi-

384 1698 479 1766 ciunt,
492 1696 543 1755 sed
556 1692 646 1753 etiam
659 1697 779 1752 omuino
794 1691 881 1752 invidi
892 1691 1045 1753 damnant:
1059 1692 1311 1769 quandoquidem,
1327 1695 1361 1752 ul
1375 1695 1518 1772 peculiari
1531 1691 1603 1768 tegi

382 1807 459 1872 quae
477 1789 630 1850 nobiscum
645 1792 711 1846 nala
724 1789 784 1862 est,
801 1791 832 1846 el
847 1787 932 1868 ilatio
946 1787 1122 1864 appellatur,
1141 1786 1159 1845 ii
1175 1786 1311 1846 homines
1325 1787 1535 1862 adversantur,
1551 1787 1603 1864 qui

382 1892 469 1954 extra
487 1886 680 1959 uirtutemad
694 1901 784 1961 quam
793 1883 992 1961 i·elunice‚i·el
1001 1883 1226 1963 praecipueuali
1239 1885 1470 1958 suut,mlionem
1480 1890 1605 1963 optatae

266 2008 270 2022 ·
384 1983 461 2041 vitae
478 1980 693 2057 requirunt,ilu
709 1978 866 2038 universae
879 1979 989 2054 hegiae
1003 1983 1151 2049 aeternae,
1165 1992 1245 2054 quae
1256 1993 1371 2037 summa
1384 1980 1541 2056 prudentia
1557 1997 1604 2040 sa·

383 2080 553 2158 pientiaquc
568 2080 644 2140 hanc
659 2096 757 2139 rerum
771 2076 991 2138 universitatem
1001 2077 1150 2137 conditam
1160 2093 1228 2136 esse
1239 2075 1450 2154 jussit,aperte
1462 2080 1604 2142 resistere

383 2179 589 2255 ridentur,qui
602 2179 677 2238 bonu
690 2177 786 2236 omnia
800 2175 877 2235 alius
888 2192 976 2251 quam
988 2175 1076 2236 animi
1088 2173 1406 2252 imperiosubiecta,ad
1418 2179 1551 2250 optatam
1564 2178 1604 2237 vi·

383 2285 445 2340 tam
458 2279 580 2339 minime
595 2272 948 2352 pertinerecontendunt.
965 2272 1002 2330 Et
1019 2288 1089 2332 sane
1103 2272 1155 2348 qui
1171 2270 1346 2348 prudentiae
1355 2271 1498 2332 usussine
1511 2274 1603 2334 rebus

383 2373 486 2438 haberi
501 2365 630 2450 polest?
645 2385 722 2446 quae
735 2367 924 2429 liberalitatis
934 2385 970 2428 ac
984 2367 1215 2445 magnificentiae
1230 2367 1407 2429 exercitatio
1416 2368 1480 2429 sine
1489 2371 1600 2448 opibus

383 2470 533 2548 copiisque
545 2462 564 2528 F
577 2466 629 2542 qui
654 2465 768 2525 tructus
792 2464 858 2528 ndei
872 2469 904 2525 et
919 2465 1070 2527 comitatis
1084 2467 1198 2542 absque
1211 2463 1377 2527 amicitiis?
1391 2483 1467 2544 quae
1479 2467 1544 2526 sine
1554 2469 1603 2545 ju·

383 2566 553 2628 risdictiune
565 2562 703 2639 justitiae
715 2556 854 2624 utilitas?
864 2579 943 2637 quae
959 2563 1023 2622 sine
1036 2563 1159 2641 imperio
1169 2563 1344 2624 clementiae
1357 2561 1515 2641 uoluptas?
1524 2581 1603 2642 qnae

383 2658 578 2724 humanitatis
599 2657 676 2733 laus,
694 2655 749 2716 nisi
770 2654 810 2715 sit
823 2673 892 2723 eam
909 2672 1026 2717 summu
1040 2656 1192 2737 dignitatis
1215 2655 1399 2733 honorisque
1413 2657 1511 2735 gradu
1532 2675 1613 2720 com·

382 2757 487 2824 nexa?
501 2773 579 2835 quae
595 2756 722 2831 dentque
744 2755 896 2831 praeclara
910 2754 1072 2832 pudicitiae
1086 2753 1316 2828 commendatio,
1334 2754 1388 2814 nisi
1403 2754 1444 2814 sit
1459 2773 1529 2817 cum
1543 2756 1602 2816 lor·

383 2874 451 2920 mac
466 2855 625 2914 venustate
638 2844 813 2925 coniuncti?
822 2848 919 2921 Quare
932 2848 1085 2926 antiquam
1100 2851 1156 2911 hac
1170 2850 1197 2910 in
1213 2869 1247 2914 re
1260 2853 1335 2913 bene
1348 2850 1481 2926 sciteque
1491 2852 1614 2930 praeci-

381 2953 511 3034 pientem
525 2944 747 3022 Philosophiam
768 2942 945 3014 audiamus‚·
962 2960 1041 3019 quae
1064 2947 1097 3005 et
1113 2943 1177 3021 ipsa
1192 2946 1287 3028 omnis
1311 2947 1447 3021 optatam
1464 2948 1554 3005 vitam
1570 2944 1601 3005 in

382 3069 441 3115 una
461 3049 575 3111 uirtute
589 3043 717 3123 positam
733 3041 835 3112 sentit,
851 3041 903 3102 sed
924 3040 1142 3117 optatissimam
1166 3040 1244 3099 illam
1264 3039 1435 3112 existimat,
1455 3039 1503 3099 cui
1518 3057 1604 3116 prar-

383 3153 466 3208 terea
479 3146 605 3207 externa
617 3138 653 3198 ad
669 3135 789 3195 virtutis
804 3151 893 3195 usum
908 3134 1009 3195 idonea
1026 3135 1102 3195 bona
1117 3134 1331 3212 adjungantur.
1346 3132 1383 3192 Et
1395 3132 1515 3209 quidem
1529 3151 1604 3212 pro·

383 3242 461 3302 lectu
477 3253 513 3297 ne
530 3233 647 3293 inclitae
658 3233 689 3290 et
700 3230 844 3289 caelestes
860 3231 987 3288 uirtutes
1002 3229 1030 3288 in
1045 3228 1210 3305 altoatque
1225 3228 1347 3290 excelsu
1362 3230 1483 3288 nostrae
1496 3227 1603 3289 Heroi-

382 3354 437 3397 nae
464 3333 563 3392 {inimo
588 3327 675 3388 inerti
692 3326 753 3385 otio
777 3326 960 3398 lruerenlur,
975 3327 1042 3402 sed,
1058 3331 1091 3387 ut
1105 3325 1244 3388 torridae
1268 3329 1354 3385 erant
1379 3328 1411 3386 et
1426 3324 1543 3403 igneae,
1561 3325 1601 3387 ita

379 3430 471 3490 etiam
486 3437 629 3501 operosae
651 3436 796 3480 summam
812 3435 847 3480 ec
861 3419 1063 3480 incredibilem
1077 3421 1314 3482 exercendorum
1335 3419 1499 3480 officiorum
1513 3436 1601 3495 cape·

380 3529 448 3584 rent
465 3518 662 3594 uoluptatem,
679 3513 776 3580 divino
797 3515 927 3590 quodam
943 3515 1068 3601 corrsilio
1085 3517 1196 3576 lactum
1213 3519 1273 3589 est,
1288 3519 1323 3575 ut
1338 3516 1477 3592 Fortuna,
1494 3533 1530 3576 ac
1545 3516 1601 3577 Na-

371 3622 461 3687 tura,
477 3616 653 3673 cunctarum
678 3624 777 3667 rorum
802 3613 992 3670 externarum
1007 3610 1154 3685 dominae,
1174 3610 1272 3671 omuia
1298 3609 1338 3668 illi
1364 3613 1455 3689 alque
1469 3611 1600 3673 maxima

380 3712 469 3780 bona,
485 3712 719 3781 cunctarumque
740 3707 887 3766 uirtutum
912 3709 978 3767 usui
993 3708 1142 3768 destinata
1176 3712 1378 3786 suppeterent.
1395 3713 1494 3786 Atque
1520 3709 1601 3772 inter

380 3796 529 3869 innumera
552 3807 585 3864 et
605 3803 735 3862 maxima
758 3804 924 3873 commoda,
939 3803 1051 3881 quibus
1066 3804 1196 3863 Fortuna
1221 3803 1313 3880 hujus
1338 3802 1483 3882 Principis
1507 3808 1598 3867 vitam

379 3905 508 3972 ornant,
524 3907 557 3962 ul
572 3902 716 3978 primum,
735 3899 773 3958 ita
788 3916 937 3960 summum
959 3902 1127 3962 habendum
1144 3919 1250 3962 censeo
1270 3902 1360 3977 illud,
1376 3903 1454 3976 quud
1470 3906 1503 3963 ut
1517 3903 1600 3981 inge-

379 3999 428 4058 nio
439 3998 476 4056 ad
489 3992 737 4072 praeclarissimas
751 3991 875 4050 uirtutes
889 3991 967 4052 lacto
976 3999 1203 4068 nasceretur‚ea
1219 3999 1286 4054 uata
1299 3995 1338 4053 sit
1350 3994 1378 4053 in
1388 3993 1541 4070 hispania,
1556 4015 1600 4054 rc-

379 4088 469 4166 gione
484 4087 565 4146 orbis
582 4091 730 4147 terrarum
744 4086 903 4146 immortali
919 4087 1119 4150 maximarum
1136 4090 1282 4150 uirtutum
1303 4088 1397 4166 gloria
1412 4091 1603 4156 commenda·

380 4188 431 4255 ιιι,
453 4199 499 4255 ac,
517 4186 551 4238 ιιι
566 4180 668 4242 iisdem
695 4182 780 4243 lacile
793 4183 989 4250 imbueretur,
1004 4200 1058 4243 eos
1074 4185 1153 4246 inter
1173 4187 1372 4255 adolesceret.
1386 4185 1438 4262 qui
1454 4184 1493 4245 ad
1519 4203 1603 4247 sum-

379 4293 455 4338 mam
471 4274 644 4350 religionem
660 4277 686 4335 iu
700 4276 803 4353 Deum,
816 4293 850 4336 ac
866 4276 894 4362 iu
911 4277 1022 4336 amicos
1043 4276 1143 4354 fldem,
1159 4279 1197 4339 ad
1212 4276 1401 4355 prudentiam
1417 4280 1450 4335 el
1464 4277 1603 4354 aequila-

378 4378 439 4432 tem
455 4367 609 4442 eximiam,
626 4368 663 4427 ad
691 4370 793 4429 miram
820 4370 910 4430 animi
926 4369 1160 4448 magnitudinem
1179 4389 1214 4430 ac
1229 4370 1449 4442 liberalitatem,
1466 4367 1601 4430 moribus

378 4466 569 4545 acexemplis
585 4463 683 4543 (quae
706 4483 825 4543 semper
846 4466 882 4527 ad
896 4464 1093 4527 ellormandos
1109 4467 1221 4527 animos
1243 4466 1411 4546 habuerunt
1433 4463 1600 4540 plurimum

379 4565 518 4643 ponderis
539 4580 574 4623 ac
589 4558 745 4640 momenti)
761 4565 851 4623 tacite
873 4582 937 4625 eam
953 4570 1053 4625 essent
1072 4561 1233 4624 hortaturi.
1253 4562 1356 4637 Neque
1372 4560 1428 4620 loci
1441 4565 1600 4636 praestan·

378 4666 430 4735 ¹5³2
448 4664 497 4722 uhi
524 4679 557 4720 ιιι
575 4666 643 4723 nula
658 4665 716 4737 est,
735 4663 792 4722 hoc
816 4665 972 4726 dumtaxat
984 4665 1090 4723 attulit
1104 4660 1305 4734 corrrmodum,
1329 4660 1381 4719 sed
1407 4656 1485 4718 aliud
1502 4659 1598 4735 uirque

377 4777 515 4838 maguum
528 4764 697 4838 praelerea3
711 4764 745 4818 ut
758 4761 898 4821 nimirum
909 4762 950 4827 ei,
960 4778 1037 4840 quae
1046 4758 1260 4820 officiosissima
1271 4775 1307 4820 ac
1324 4752 1596 4819 beneficentissima

376 4858 475 4919 lutura
485 4862 563 4934 erat,
580 4860 662 4920 locus
673 4856 766 4919 olllcia
779 4857 950 4937 peragendi,
962 4862 1055 4937 atque
1065 4853 1391 4922 beneficiaeouocanui
1402 4853 1483 4915 essct
1493 4853 1588 4917 eliam
