3942 5592
485 439 542 500 192

442 548 535 620 ciunt,
549 541 733 621 deferbuere.
747 539 823 604 [nm
835 538 932 603 dilabi
955 557 1069 622 carpum.
1086 541 1202 608 Interea
1225 544 1419 610 Garnbaeurta
1442 549 1629 616 tabellarium

380 625 383 629 ’
441 642 533 717 portu
546 635 660 698 salvem
666 634 753 714 jubet
768 631 810 694 ad
824 634 1043 710 Caseriauuma
1055 633 1190 714 sibijam
1199 634 1326 698 turbatis
1334 641 1428 714 pacta
1436 638 1519 716 [aar
1528 650 1629 705 am.

445 737 498 812 tia‚
515 738 542 795 et
551 737 707 811 praeimea
720 727 867 810 quaedam
881 727 952 789 belli
963 736 1050 790 minu
1063 734 1204 792 tonnenta
1217 732 1335 804 creba,
1349 739 1502 815 quaejam
1521 739 1629 801 Terra.

443 832 528 886 sinae
550 830 612 883 tum
626 829 761 902 temporis
774 819 817 882 ad
830 821 973 897 idipsum
996 824 1106 884 inanes
1119 821 1350 899 imponebantur.
1372 823 1502 887 Tandem
1514 834 1549 890 ut
1555 833 1630 908 jure

442 940 530 999 apere
544 922 700 996 vrberetur,
722 918 764 978 ad
779 914 1138 994 Septemviraliuraedium
1157 922 1344 978 moenianum
1355 918 1425 995 fixa
1448 920 1630 991 Arcbiducis

446 1019 585 1091 imapine,
593 1027 652 1089 pro
661 1008 829 1071 turbulenta
837 1010 982 1085 concione,
989 1023 1107 1085 precone
1112 1012 1288 1085 praecunte,
1299 1025 1389 1086 quam
1398 1025 1470 1070 mon
1482 1012 1628 1097 reserum,

445 1111 481 1171 de
494 1125 582 1187 repno
596 1110 773 1186 ropaiiouem
783 1101 861 1164 tulit.
876 1099 930 1162 Cui
939 1106 1181 1181 ipse‚ccitatorem
1190 1107 1304 1181 passim
1316 1105 1524 1186 interpellans,
1538 1127 1630 1173 manu

444 1199 669 1262 acclamationes
681 1195 809 1276 petebat.

475 1293 570 1356 «Cura
579 1296 777 1373 iampatrieii,
785 1307 874 1370 quarn
882 1289 1514 1371 reliqauidissimuspopulusb'eapolitmus
1526 1312 1632 1356 mane-

442 1396 491 1452 ria
496 1394 690 1468 repeteremus
700 1387 843 1467 quamdiu
850 1387 1012 1446 enmnurus
1017 1386 1380 1464 nationumpertulerirnus
1381 1389 1491 1468 jupum
1498 1384 1572 1468 (rem
1580 1410 1630 1453 sa·

444 1500 483 1544 ue
496 1485 622 1560 antiqua
635 1479 742 1541 ltaliae
752 1475 863 1556 pluria,
877 1480 904 1536 et
918 1478 1037 1552 inpriis
1048 1474 1103 1536 boc
1112 1477 1434 1556 florentissimamque,
1448 1484 1500 1540 eui
1517 1499 1630 1560 semper

446 1595 519 1640 suus
528 1581 673 1656 proprius
681 1573 743 1652 fuit
750 1577 891 1651 princeps
900 1571 1025 1649 iniqua
1035 1566 1064 1654 )‚
1089 1588 1211 1650 eumque
1224 1573 1267 1634 ad
1278 1577 1408 1633 mimum
1416 1593 1630 1656 revocaremus,

448 1678 519 1749 quot
529 1667 1093 1751 quantaqueeodeplornndorruostatu
1103 1669 1183 1729 mala
1194 1673 1328 1748 perpessi
1340 1686 1486 1744 sumuspe
1494 1677 1529 1732 in
1537 1691 1632 1751 prae·

443 1767 604 1824 sentiarum
613 1764 702 1821 morte
718 1757 861 1823 caralit!
874 1756 967 1816 berec
979 1757 1091 1836 leitimo
1098 1760 1242 1836 destituti,
1250 1764 1329 1818 ommi
1334 1763 1631 1841 juramentorelipio-

444 1859 492 1915 nis
504 1854 606 1931 saluti,
622 1867 745 1931 apamm
753 1870 765 1922 ,··
775 1853 845 1926 post
859 1847 961 1926 loupar
975 1849 1176 1928 asprudentem
1190 1855 1283 1910 onina
1294 1853 1519 1932 reputationem,
1533 1872 1631 1932 rupem

444 1962 543 2007 creare
553 1945 743 2018 decrevimus,
752 1944 844 2017 quiin
857 1938 913 1999 lac
926 1936 983 2000 ube
993 1944 1062 2018 rpni
1074 1943 1208 2016 capite,et
1214 1944 1438 2016 prouinciarum
1457 1941 1572 2022 reputa,
1586 1961 1635 2003 re·

444 2043 525 2117 piam
531 2038 603 2099 locet
613 2036 720 2096 sedem.
725 2031 913 2111 Quamobrem
926 2046 976 2090 cm
989 2031 1180 2094 r‘rslrcbiduce
1193 2031 1298 2093 Carula
1304 2030 1437 2111 Austrio,
1446 2041 1567 2112 praeter
1579 2055 1633 2098 au·

442 2132 618 2208 qustissrnae
629 2124 765 2203 farniliae
778 2124 898 2200 decora,
912 2127 1008 2185 cuatus
1027 2127 1180 2200 conspicui
1187 2127 1335 2201 principis
1346 2125 1427 2184 dotes
1437 2132 1551 2207 coeant,
1566 2145 1631 2190 eum

444 2228 576 2286 nostrum
590 2227 697 2302 Repcm
710 2219 844 2283 nolumus
858 2236 893 2279 ac
901 2217 1030 2299 jubare,-
1045 2224 1154 2280 animis
1166 2219 1241 2299 freti
1254 2217 1300 2299 (ut
1311 2236 1353 2279 en
1365 2223 1433 2299 ejus
1446 2228 1536 2299 repiis
1548 2227 1631 2288 codi-

445 2321 522 2381 cillis
530 2314 659 2401 patebit)
672 2333 738 2377 cum
751 2320 814 2375 suis
827 2332 940 2394 semper
950 2316 1090 2378 ictr'cibus
1103 2322 1194 2377 amris
1208 2316 1290 2377 breui
1302 2316 1385 2377 nobis
1399 2317 1588 2400 adfuturum,
1604 2327 1633 2384 et

449 2415 602 2494 qrubusois
622 2412 770 2491 saci-urum
786 2410 911 2479 obuiam,
927 2416 959 2490 qi
981 2410 1043 2474 bric
1062 2417 1161 2475 nosiro
1171 2411 1329 2489 praeclaro
1351 2417 1483 2492 mcoepto
1495 2421 1632 2478 resistere

449 2511 569 2572 nudent.
586 2509 632 2571 En
646 2511 741 2586 ipitur
756 2505 791 2567 de
806 2525 839 2566 re
852 2508 907 2568 boc
920 2513 1016 2572 ectum
1030 2515 1224 2588 concepimus,
1238 2525 1297 2586 quc
1309 2513 1338 2572 ei
1350 2515 1485 2570 nostram
1498 2511 1555 2572 Dei
1562 2518 1630 2592 pie·

449 2609 549 2679 talern,
562 2608 589 2664 el
602 2602 774 2664 claritatem
787 2602 952 2680 respublica·
965 2603 1053 2684 bujus
1065 2604 1142 2683 facil
1157 2620 1274 2678 causas,
1286 2609 1456 2682 praesentes
1470 2622 1505 2665 oe
1513 2611 1631 2682 posteri

442 2695 578 2776 probent.
596 2695 700 2773 Itaque
716 2692 815 2754 Caroli
830 2693 886 2755 III
896 2699 965 2755 nori
982 2699 1068 2777 Reqis
1081 2700 1198 2760 norm'ne
1212 2699 1324 2756 cunctis
1337 2696 1429 2775 bajus
1441 2700 1569 2759 ciuitatis
1585 2717 1633 2759 or·

448 2783 568 2847 dinibus
583 2785 738 2862 edicimus,
753 2789 808 2859 qui
819 2789 846 2846 si
857 2788 890 2865 in
903 2790 1068 2848 superstent
1078 2785 1220 2866 persidia,
1235 2789 1263 2846 et
1274 2803 1346 2864 qens
1363 2784 1505 2848 vilissime
1517 2791 1560 2850 ad
1570 2807 1633 2850 ser·-

447 2877 569 2938 uitutem
581 2878 664 2951 nala,
672 2891 765 2952 porro
777 2877 877 2936 vicere
891 2875 967 2952 nell,
978 2893 1069 2954 neque
1082 2878 1124 2937 ad
1137 2881 1333 2956 insequentem
1346 2879 1424 2939 diem
1437 2879 1474 2940 ab
1488 2880 1632 2958 Hispanis

448 2968 490 3028 ad
502 2980 556 3027 nos
569 2963 742 3041 defecerint,
752 2969 918 3043 proscripti
931 2971 964 3026 st
969 2986 981 3039 i
995 2984 1094 3028 aarum
1107 2964 1210 3027 domus
1224 2965 1408 3045 diripiantur
1421 2969 1633 3033 incendantur-

448 3078 505 3140 que
512 3082 526 3134 ‚-
540 3079 581 3121 en
595 3060 748 3123 Nobilium
760 3061 865 3122 ordine
876 3067 1030 3140 menuitur,
1043 3081 1134 3141 ecque
1147 3062 1252 3124 bossore
1260 3062 1384 3125 modesti
1397 3071 1472 3126 ciues
1483 3072 1538 3143 qui
1552 3067 1634 3128 debi-

446 3155 508 3213 tom
517 3155 693 3215 seruauerint
698 3149 787 3227 fidem
797 3150 1108 3233 dementum-Neapoli,
1121 3154 1167 3216 IX
1174 3155 1236 3215 bal.
1249 3154 1372 3216 octobris
1384 3173 1434 3216 an.
1446 3157 1628 3223 MDCCI.-u

490 3243 592 3308 Edicti
614 3259 682 3302 uero
706 3241 870 3306 clausulam
887 3245 1031 3309 Grinldm
1053 3248 1164 3309 dicitur
1185 3247 1331 3326 adjecisse
1349 3248 1420 3308 odio
1433 3247 1510 3325 forte
1523 3264 1633 3310 memor

449 3338 531 3413 quod
551 3334 663 3413 pluries
676 3338 711 3394 in
722 3333 871 3398 nobilibus
883 3336 1052 3414 aenplitanis
1064 3337 1195 3399 adscribi
1207 3337 1377 3417 postulans,
1391 3339 1540 3418 repulsam
1553 3343 1634 3403 desi·

450 3427 528 3486 derir‘
541 3427 711 3501 reportavit.
727 3425 788 3486 Sed
800 3439 865 3484 cum
890 3427 1054 3513 §amaurici
1077 3446 1146 3492 suos
1167 3428 1300 3490 stabilire
1309 3435 1411 3508 portes
1433 3449 1520 3493 saeuo
1534 3435 1633 3494 edicio

453 3522 552 3595 curas,
566 3535 616 3580 aas
628 3519 755 3595 Psoron,
769 3520 832 3581 alic
841 3538 896 3599 per
909 3522 1060 3584 cluentiam
1072 3529 1218 3605 concepto,
1228 3524 1374 3604 debilitat,
1388 3532 1421 3588 ut
1434 3534 1488 3605 qui
1501 3528 1581 3607 lapsi
1594 3530 1633 3591 ab

450 3612 604 3681 rebellibus
612 3612 743 3690 semente
753 3617 895 3679 seditione
909 3617 1032 3699 cdeqios
1045 3626 1193 3683 transcant
1202 3623 1486 3700 peccatumiisabeat
1499 3628 1632 3702 impune.

450 3702 557 3781 ltaque
578 3705 644 3780 ejus
663 3703 882 3781 exemplaribus
902 3706 1053 3784 inpiorum
1075 3715 1229 3789 reqionum
1242 3711 1368 3789 corfinio
1386 3718 1557 3794 propositis,
1572 3732 1634 3777 non

450 3791 537 3852 modo
549 3791 715 3868 complures
729 3797 861 3856 criminis
882 3800 1091 3874 rei,neinorosi
1103 3818 1138 3861 ac
1147 3806 1324 3880 proscripti,
1338 3802 1392 3862 sed
1413 3801 1553 3881 etoliqui
1567 3803 1635 3866 sub

383 3885 387 3892 '
448 3887 554 3943 summi
567 3882 728 3944 turbatores
738 3885 779 3945 ad
785 3885 936 3964 Hispanos
946 3895 1069 3954 nusierc.
1081 3891 1138 3954 Sub
1147 3891 1226 3954 idem
1237 3898 1349 3971 tempus
1363 3899 1441 3955 inter
1450 3900 1635 3973 postremam

452 3992 601 4038 carcerum
622 3976 797 4039 militarium
808 3985 985 4062 vastationi,
999 3984 1114 4066 aliqum
1128 3990 1345 4067 dirernptorum
1358 3990 1395 4050 ab
1408 3990 1530 4052 urbanis
1542 4006 1635 4050 encu-

429 4135 438 4148 ‚
452 4069 520 4145 biis,
537 4070 655 4134 caedem
669 4076 841 4140 omdicunte
854 4084 906 4139 aur
921 4079 1048 4145 ulscente
1060 4090 1188 4166 nornine,
1206 4088 1372 4150 occubuere.
1390 4086 1428 4149 Et
1441 4085 1505 4146 alia
1518 4085 1637 4146 turbata

451 4164 619 4245 multitudo,
634 4172 706 4232 dum
727 4174 834 4236 stolide
847 4182 971 4238 minan'n
983 4182 1173 4244 stationarios
1186 4183 1227 4245 ad
1236 4189 1355 4262 portum
1364 4181 1477 4260 probra
1495 4186 1635 4260 curauit,

453 4259 543 4334 atque
556 4260 590 4316 in
602 4264 683 4322 viros
690 4262 870 4340 perimentes
884 4271 1003 4347 injutum
1015 4272 1152 4349 insultat,
1167 4279 1257 4336 usius
1265 4277 1382 4336 denum
1394 4277 1551 4348 occisione,
1564 4272 1638 4331 reti-

453 4355 508 4429 qui
516 4368 573 4429 per
586 4371 728 4418 summum
741 4363 1058 4446 trepidationersupati.
1075 4370 1191 4434 Interea
1203 4371 1298 4452 plebis
1313 4372 1491 4433 Decuriones
1501 4384 1542 4427 ea
1554 4367 1637 4427 nitio·

454 4441 539 4502 ribus
552 4442 684 4508 tribubus
698 4456 825 4527 repressi
838 4457 1069 4538 ciciuuordines,
1082 4461 1161 4521 unde
1174 4462 1276 4532 clades
1286 4460 1416 4521 timenda
1429 4462 1503 4534 erat,
1515 4461 1638 4534 pacatos

452 4528 597 4606 referunt.
614 4536 673 4597 Sed
685 4542 780 4603 nililc
794 4546 890 4604 tamen
903 4550 972 4608 mas
990 4547 1118 4626 Hispani
1132 4555 1261 4612 animum
1270 4551 1408 4611 inducere
1417 4552 1565 4626 poterant,
1579 4559 1639 4608 nco

456 4649 565 4696 omnem
578 4653 705 4700 seorsum
717 4643 805 4701 lviiii
812 4637 1003 4718 plebem,uae
1016 4646 1099 4706 tanta
1112 4645 1286 4722 cambanis
1294 4649 1335 4707 tot
1346 4643 1449 4728 foeda,
1460 4666 1535 4727 quae
1547 4665 1640 4726 supra
