3942 5592
977 701 1022 762 ab

549 909 974 1024 PARTHENOPEA
1014 917 1452 1020 CONJURATIONE

795 1149 828 1196 tx
845 1149 921 1196 ΚΑΒ.
936 1148 1094 1200 OCTOBRIS
1106 1154 1205 1203 MDCCI

609 1338 640 1402 Α
673 1334 875 1406 JOANNE
910 1337 1164 1410 BAPTISTA
1195 1341 1223 1410 Α
1254 1341 1381 1412 vieo

892 1562 920 1598 a.
932 1560 1011 1608 acco.
1027 1562 1105 1600 snos.

835 1715 1156 1779 consentiunt

427 2361 509 2420 Anno
519 2359 776 2435 seplinpertlcsimo
788 2371 879 2431 supra
888 2355 1079 2415 millesimum
1088 2355 1217 2426 incunle,
1226 2357 1294 2432 pasl
1304 2358 1437 2418 marina
1446 2355 1599 2436 dellapro·

395 2455 420 2511 ta
435 2450 518 2525 bello,
537 2449 661 2526 Europa
681 2445 773 2523 [erma
787 2451 881 2506 branis
894 2463 967 2522 pace
981 2450 1141 2522 composita
1166 2453 1194 2505 et
1208 2446 1389 2524 respublicae
1403 2446 1518 2523 quidem
1533 2454 1597 2510 suis

394 2563 512 2624 quaeque
526 2544 651 2604 libratae
663 2545 813 2601 momentis
826 2540 951 2603 stabant.
968 2541 1026 2602 Sed
1036 2546 1157 2601 cunclac
1170 2549 1203 2603 in
1216 2558 1306 2603 unam
1320 2543 1422 2607 Caroli
1434 2544 1471 2604 II
1484 2546 1594 2620 Hispa·

394 2643 501 2699 aarum
524 2642 604 2717 repis
628 2639 754 2700 salutem
768 2634 860 2697 oculis
883 2653 1038 2697 cortonsac
1064 2655 1176 2712 periere
1186 2643 1288 2715 potius
1311 2639 1499 2699 videbantur.
1518 2641 1594 2719 Ejus

395 2749 506 2808 namque
516 2732 604 2810 llcpis
611 2729 732 2810 jamdiu
742 2747 794 2807 spa
805 2728 912 2790 sobolis
922 2730 1055 2789 destituti
1064 2747 1099 2789 oc
1111 2729 1263 2791 diuturnus
1275 2732 1382 2792 morbis
1392 2727 1529 2804 afflictati
1540 2733 1595 2796 du·

395 2822 435 2885 bio
453 2831 514 2887 eila
526 2831 674 2887 universis
688 2829 751 2885 eral
764 2823 960 2898 solicitudini,
977 2840 1144 2900 supremum
1158 2826 1240 2900 qnod
1251 2826 1379 2887 instabat
1401 2826 1510 2907 salum,
1524 2829 1594 2889 lior·

394 2921 455 2974 rori.
473 2917 588 2978 Etenim
610 2915 776 2992 Hisprmica
789 2912 962 2973 monarcbia
975 2916 1043 2988 ipso
1058 2931 1212 2991 rcpnorum
1235 2932 1352 2975 numero
1365 2922 1482 2992 pravis,
1499 2923 1591 2979 conli-

393 3013 514 3074 ncntibus
523 3016 633 3072 accola
643 3011 737 3085 bellis,
746 3007 879 3088 profusa
889 3025 991 3086 repam
1001 3008 1185 3085 beneficentia
1192 3011 1308 3086 debilis,
1318 3011 1403 3072 nulla
1408 3016 1495 3090 justo
1506 3033 1593 3075 exer·

393 3113 443 3168 cita
464 3113 644 3169 corstinmtia
664 3108 808 3168 obtinebat
831 3124 935 3183 repna,
950 3106 1038 3167 nulla
1062 3105 1155 3169 classe
1177 3109 1285 3166 dissita
1302 3111 1510 3187 conjunpebat.
1535 3110 1594 3172 Sed

392 3205 480 3260 onnia
503 3199 699 3277 subjectorum
713 3215 796 3259 amor
809 3203 835 3257 et
848 3203 1015 3260 necessaria
1027 3202 1196 3260 exterorum
1221 3198 1354 3260 amicitia
1379 3203 1544 3263 continebat
1557 3208 1591 3262 in

387 3290 450 3364 fide.
463 3291 629 3370 Leopoldus
645 3297 782 3352 nasarius
804 3291 831 3366 l,
846 3292 1045 3350 Romanorum
1060 3289 1238 3367 Imperator,
1254 3295 1281 3348 si
1304 3295 1380 3367 qaid
1395 3294 1499 3358 Carolo
1523 3300 1589 3371 rapi

390 3378 549 3441 inmanitas
559 3383 685 3459 occidat,
699 3381 829 3442 subsidio
846 3380 1055 3440 dominabaris
1070 3380 1218 3454 destituto,
1230 3379 1267 3439 ab
1283 3380 1423 3460 Pbilippi
1431 3389 1523 3461 stirpe
1537 3386 1594 3446 ad·

388 3480 486 3549 paulus
506 3493 661 3553 repnorum
676 3479 883 3538 successionem
896 3477 991 3551 opilat
1006 3478 1197 3533 asserturum.
1216 3476 1360 3552 Princeps
1375 3495 1446 3539 sane
1470 3483 1497 3538 el
1510 3480 1594 3539 mili·

387 3567 440 3622 tum
453 3570 569 3641 cirtulo,
583 3570 611 3624 el
633 3565 740 3627 ducum
750 3566 918 3644 prudentia,
934 3568 960 3623 cl
984 3563 1124 3640 felicibus
1148 3578 1246 3625 reram
1265 3571 1414 3643 pedorum
1427 3575 1588 3647 auspiciis,

385 3676 468 3737 supra
482 3679 572 3738 quom
584 3664 676 3724 multo
690 3664 809 3739 clarus,
822 3663 875 3723 sed
888 3663 1002 3723 diutim
1016 3662 1052 3722 ab
1072 3664 1175 3723 Turcis
1187 3662 1264 3722 bello
1273 3680 1397 3739 prorsus
1408 3673 1526 3726 aerario
1536 3685 1593 3726 ea·

383 3746 511 3829 instas,
523 3754 632 3814 deinde
645 3771 663 3814 a
678 3750 782 3828 Belpio
799 3770 853 3829 per
868 3756 956 3811 totam
973 3752 1169 3831 Germaniam,
1184 3754 1222 3812 ab
1238 3753 1382 3829 Hispania
1392 3771 1450 3830 per
1471 3762 1590 3818 unirer-

382 3864 439 3906 ram
452 3852 575 3927 insuper
588 3850 731 3924 Galliam,
746 3849 783 3908 ab
798 3849 889 3910 llalia
899 3867 955 3925 per
966 3848 1055 3926 Alpes
1068 3852 1301 3925 dictamninolas,
1312 3850 1437 3926 denique
1448 3850 1588 3914 classium

379 3938 526 4015 inmolata
539 3944 573 3999 ul
586 3945 641 4018 qui
654 3943 766 4002 ditione
779 3942 1020 4012 mediterraneas,
1037 3958 1092 4002 sua
1103 3940 1254 4000 desideria
1264 3957 1355 4016 posse
1368 3948 1461 4002 armis
1477 3943 1583 4019 confir·

378 4044 452 4089 mare
465 4030 760 4110 dsffim'lcpulobalur.
773 4031 835 4092 Nec
844 4049 912 4092 aero
927 4031 1095 4107 Gerasania,
1110 4029 1177 4090 licet
1192 4029 1303 4105 diviso,
1316 4033 1349 4089 in
1363 4033 1475 4090 tantam
1481 4036 1587 4109 polen-

377 4126 445 4184 tiam
457 4131 638 4188 austriacom
651 4125 841 4205 imperatoris
854 4129 968 4188 domam
981 4125 1094 4207 efferri,
1111 4127 1266 4185 Pannonia
1274 4128 1450 4201 praeserlim
1462 4124 1527 4201 sere
1541 4132 1584 4186 lo-

376 4223 414 4297 ta,
427 4225 490 4280 tota
510 4224 728 4300 Transiloania,
748 4224 901 4299 Valacbia,
919 4224 1080 4286 sclavonia
1093 4224 1287 4298 recuperatis,
1302 4236 1398 4296 aequo
1412 4226 1510 4282 animo
1526 4239 1587 4300 po-

373 4313 489 4371 teretur.
507 4313 545 4373 Et
557 4319 674 4393 imperii
686 4316 833 4382 Electorcs
848 4331 937 4392 saepe
950 4313 1007 4374 illa
1019 4319 1150 4390 ternporo
1164 4315 1197 4370 in
1210 4313 1339 4370 ammam
1353 4327 1504 4385 revocare,
1520 4317 1586 4386 pni-

372 4398 420 4461 bns
429 4418 556 4478 prorsus
569 4406 643 4468 liber
655 4414 776 4470 sarlium
787 4407 989 4486 imperialium
993 4410 1098 4483 jactus
1112 4408 1187 4467 erat.
1202 4406 1311 4464 Contra
1327 4400 1498 4463 ludovicus
1510 4401 1589 4461 XIV

373 4508 427 4551 rese
454 4493 630 4574 Galliarum
643 4516 702 4575 qao
720 4502 929 4578 proximilalis
941 4502 1056 4558 nornine
1081 4513 1121 4555 ea
1136 4496 1255 4554 loanao
1274 4493 1462 4552 Ferdinandi
1474 4509 1583 4570 capno-

374 4591 466 4647 tnenio
483 4587 703 4668 Colbolicifilia
716 4595 753 4657 ob
767 4594 926 4671 Araponiis
937 4596 970 4650 in
984 4591 1132 4664 Austrios,
1145 4603 1178 4647 co
1190 4590 1256 4646 item
1271 4602 1311 4644 ecc
1325 4582 1423 4645 Maria
1444 4581 1583 4684 T‘mresio
