3942 5592
1492 526 1547 585 lii

373 629 565 707 persupium,
581 645 616 688 ae
631 625 768 686 solatium
779 623 944 702 praebeat,·
961 619 1108 681 detectam
1120 621 1201 682 dorni
1212 647 1223 694 ‚·
1239 643 1297 687 aaa
1311 629 1469 705 irrrpediaat
1483 633 1591 709 soris,-

374 714 548 788 peruoetaut
564 707 728 782 uobiscum,
738 707 984 782 perepriuautur,
1000 706 1194 764 rusticamur.
1214 724 1229 756 a

420 791 609 851 Membratim
622 789 772 862 dicimus,
796 800 862 844 eura
878 789 911 842 ia
925 784 1053 854 seopulis
1066 783 1204 843 orrearbris
1219 789 1352 847 emisistit
1366 797 1485 865 oratio,-
1507 799 1588 873 quod

375 876 567 946 potissimum
580 870 622 928 ad
633 868 823 927 aamaadum
838 863 931 939 ualet,
945 866 977 917 ut
990 881 1000 916 .·
1014 864 1063 922 dd
1075 870 1206 926 caeteros
1219 883 1299 928 meos
1313 874 1447 932 miserias
1461 879 1587 935 occessit

376 950 493 1011 dolore
510 947 684 1011 Dolabellae
697 946 881 1021 valetudiue,
891 949 918 1006 el
940 938 1067 1001 Tulliae.
1087 941 1211 1005 Omniao
1226 948 1263 1006 de
1276 953 1475 1012 coramuaibus
1491 954 1584 1030 rebus,

375 1047 430 1090 aea
445 1033 521 1105 quid
535 1029 656 1089 eomsilii
675 1032 802 1104 capiam,
816 1041 869 1085 aee
881 1022 957 1104 quid
970 1018 1095 1098 (aelam,
1111 1027 1183 1085 reio.
1201 1025 1243 1085 Ta
1255 1027 1344 1086 aelim
1357 1033 1450 1110 luam,
1467 1038 1494 1093 et
1515 1034 1583 1095 Tal-

376 1110 437 1171 liae
451 1111 654 1170 ualetudiaem
667 1123 762 1167 meres.

427 1192 631 1251 Circumduete
645 1189 786 1260 dicimus,
804 1202 868 1244 eum
882 1190 916 1246 iu
927 1186 994 1247 orbe
1004 1189 1094 1262 quasi
1102 1184 1219 1246 incluso
1229 1185 1326 1263 fertur
1339 1195 1451 1268 oratio,
1461 1211 1514 1253 aee
1526 1200 1587 1256 ruisi

372 1269 525 1345 perfecta,
543 1268 886 1344 absolutaqueseulealia
900 1267 1092 1344 couquieseet.

422 1354 543 1412 Coruslat
553 1349 700 1426 periodus
709 1345 847 1423 partibas
867 1345 985 1407 duobus
996 1369 1009 1418 ,·
1018 1352 1161 1424 protasi,
1177 1351 1205 1406 et
1227 1350 1365 1424 epodosi.
1383 1351 1457 1412 Ideo
1471 1354 1584 1416 absolu·

376 1435 490 1490 lissimi
500 1431 624 1507 periodi
633 1431 812 1505 proponitur
827 1428 1086 1504 qualrimembris,
1102 1435 1134 1488 ia
1147 1444 1207 1503 qua
1222 1429 1282 1487 duo
1295 1430 1421 1491 membra
1429 1439 1585 1511 protasis,

383 1513 441 1571 cluo
457 1518 554 1571 asama
568 1508 709 1586 apodosis
723 1505 873 1583 absumat,
889 1511 920 1566 ul
933 1514 966 1566 ire
979 1507 1104 1567 exordio
1113 1525 1171 1584 pro
1188 1507 1326 1568 Caem'aa:
1355 1533 1367 1564 ι
1390 1514 1423 1573 Si
1438 1521 1584 1588 priamum

386 1597 419 1649 iu
432 1596 527 1669 apris,
542 1590 671 1667 locisque
690 1587 813 1646 desertis
823 1586 954 1646 audacio
963 1592 1069 1664 polesl5
1082 1586 1328 1664 taulumiasoro,
1340 1594 1522 1670 iudiciisque
1533 1604 1587 1656 rm.

387 1676 530 1746 padealio
544 1671 676 1730 ualeret:
691 1684 751 1727 aaa
763 1670 861 1725 miuus
876 1672 909 1727 ia
922 1684 1016 1726 causo
1031 1669 1145 1728 eederet
1159 1668 1254 1728 Aulus
1277 1674 1405 1733 Coeeiao
1420 1673 1505 1734 Septi
1528 1680 1583 1737 Ae.

387 1751 462 1811 balii
475 1752 688 1827 iropudealiae,
703 1763 791 1824 quam
805 1750 864 1806 tum
875 1751 909 1807 iu
922 1753 954 1806 oi
967 1744 1112 1822 socienda
1124 1755 1210 1809 cessit
1223 1751 1383 1812 audaciae.
1400 1773 1416 1807 u

429 1833 611 1891 Faadeadoe
620 1829 743 1905 periodi
753 1825 848 1904 saules
860 1830 941 1902 sual,
956 1830 1120 1904 adiuncta,
1137 1827 1307 1906 superlato,
1323 1831 1452 1895 relativa
1463 1879 1472 1913 ,
1483 1840 1583 1911 parti·

386 1912 469 1972 culae
484 1910 668 1987 copulantes,
682 1912 737 1968 out
749 1910 961 1985 disiuupeales,
973 1914 1001 1967 et
1015 1908 1227 1969 subiuuetiooe.

877 2087 918 2136 DE
939 2085 1082 2134 NUMERO.

425 2235 574 2297 Nuruerus
585 2240 733 2296 oratorius
750 2241 791 2296 est
805 2237 937 2315 rptlsmus
952 2238 1086 2313 quidam,
1101 2253 1153 2297 aee
1168 2243 1354 2316 exquisitus,
1368 2259 1421 2301 aee
1432 2261 1580 2321 canorus,

386 2316 485 2392 qualis
499 2323 540 2375 est
555 2322 588 2374 iu
597 2316 794 2393 poematibus,
809 2323 835 2378 el
851 2315 983 2395 lipmais,
998 2319 1052 2376 sed
1064 2322 1107 2376 ita
1122 2320 1349 2397 dissimulatus,
1371 2328 1398 2381 ei
1412 2323 1527 2400 lateas,
1549 2331 1582 2384 ut

386 2400 533 2456 seatialur
548 2401 658 2470 taurea,
673 2403 700 2455 et
713 2398 844 2457 iuluado
854 2398 914 2473 fiae
928 2396 1130 2456 concludant.-

422 2476 570 2552 Eeemplo
584 2477 783 2553 definitionem
796 2478 992 2539 illustremus.
1016 2476 1171 2537 Temeritas
1181 2476 1243 2552 filii
1254 2483 1452 2558 comprobavit
1465 2490 1584 2563 sopiens

381 2557 494 2616 dietum
504 2562 616 2633 patris;
637 2556 797 2617 aritlemieo
812 2563 905 2617 oratio
920 2562 983 2616 est:
1000 2556 1053 2615 sed
1075 2560 1291 2618 iucundissimo
1313 2580 1454 2640 astruere,
1477 2569 1584 2627 iisdem

379 2637 477 2697 uerbis
491 2638 690 2716 mouentibus,
710 2640 804 2699 Carbo
817 2639 849 2697 ia
863 2643 1002 2698 eoaeioue
1017 2643 1178 2699 oralioaem
1193 2638 1277 2715 fudit
1289 2641 1365 2702 barre
1375 2666 1386 2700 :
1398 2651 1517 2723 sopiens
1527 2665 1582 2726 pa·

377 2720 433 2775 tris
448 2720 561 2778 dictum
574 2724 720 2780 braaitos
731 2720 792 2795 filit
805 2718 1010 2797 comprobarit.

376 2899 435 2966 sila,
453 2899 579 2956 diletione
594 2904 620 2957 in
634 2917 709 2970 casa,
724 2917 777 2956 non
789 2903 941 2972 impascien
954 2899 980 2955 di
994 2900 1075 2969 luorl,
1088 2905 1248 2968 perpolleno
1260 2916 1312 2956 eon
1324 2903 1379 2974 noi,
1393 2905 1523 2978 ne'uleggi
1533 2923 1548 2963 e
1560 2909 1585 2963 ln

376 2974 475 3029 villosi
489 2990 709 3048 accompagnono
723 2999 748 3029 s.

411 3050 542 3105 Parllasno
557 3069 603 3122 per
619 3051 749 3120 membro,
764 3050 872 3120 quondo
884 3051 910 3104 in
926 3050 987 3121 ogni
1002 3051 1123 3106 membro
1134 3051 1156 3104 si
1170 3050 1284 3105 termina
1300 3047 1324 3103 lu
1338 3059 1475 3109 sentenza.
1496 3051 1516 3106 ll
1531 3052 1581 3106 ohe

376 3126 449 3180 alesta
463 3126 546 3181 molto
561 3128 584 3182 le
599 3128 853 3182 norrezlonit'ome:
874 3147 885 3174 o
900 3125 1020 3182 bll'eltse
1034 3127 1141 3183 miserie
1154 3126 1206 3180 mie
1219 3126 1380 3198 s’aggiugne
1395 3131 1410 3184 il
1425 3128 1518 3184 dolore
1533 3143 1584 3196 per

375 3201 399 3255 la
414 3200 533 3256 rnalottia
548 3203 572 3258 dl
587 3202 732 3274 Dolabella,
747 3219 761 3259 e
776 3200 801 3257 di
812 3201 908 3257 Tullia.
921 3202 1030 3258 Intorno
1044 3203 1095 3258 alle
1106 3202 1214 3257 comuni
1228 3217 1357 3259 essenon
1370 3203 1581 3273 soollattoquul

374 3277 502 3347 coasiglio
518 3279 672 3346 prenderee
686 3279 737 3336 che
747 3278 812 3334 lare.
827 3279 878 3347 Tu,
894 3276 1016 3334 desidero
1029 3279 1080 3335 che
1093 3278 1219 3350 procacel
1230 3292 1281 3334 coa
1293 3280 1352 3350 ogni
1363 3297 1430 3338 aare
1442 3279 1467 3334 la
1480 3287 1524 3333 lua
1538 3294 1581 3332 so·

375 3353 429 3407 lale
444 3368 458 3408 e
473 3353 497 3408 dl
511 3354 596 3409 Tullia
608 3378 633 3406 n.

416 3428 548 3483 Pasliamo
563 3430 791 3500 periodicamento
805 3426 914 3496 quando
927 3427 1062 3484 cenimina
1082 3425 1098 3481 l’
1111 3429 1235 3484 osazione
1259 3430 1336 3498 quasi
1356 3428 1478 3485 lochiase
1497 3430 1522 3484 in
1544 3446 1582 3485 aa

375 3502 490 3559 circuito
504 3546 511 3572 ,
527 3504 560 3560 nb
575 3507 598 3561 la
610 3514 732 3561 sentenia
746 3505 768 3558 si
782 3504 866 3559 leram
880 3520 894 3559 e
910 3505 1015 3573 sipose,
1031 3519 1059 3557 se
1073 3517 1126 3557 non
1140 3504 1341 3574 postellamente
1355 3508 1504 3576 compluta,
1524 3507 1581 3560 ltus

376 3581 445 3649 parti
460 3581 602 3637 abbreccio
614 3583 630 3637 il
646 3581 767 3652 periodo,
783 3578 808 3634 la
819 3580 931 3649 protasi,
947 3580 989 3634 el’
1000 3577 1121 3648 apodosl.

413 3657 464 3710 Pes
478 3657 562 3712 lorme
577 3658 603 3713 di
614 3656 725 3729 periodo
740 3654 932 3725 perletlissimo
944 3655 965 3708 si
977 3667 1096 3724 propone
1108 3652 1124 3706 ll
1135 3654 1364 3723 quadrimembre3
1373 3669 1422 3709 ove
1433 3656 1485 3712 due
1497 3673 1579 3713 mesa·

375 3726 425 3783 bra
437 3730 518 3786 lenna
532 3733 556 3787 la
569 3735 680 3803 prolusi,
697 3733 749 3788 due
763 3731 909 3801 l'apodosl.
927 3731 1007 3785 Come
1022 3727 1085 3783 nell’
1095 3728 1202 3785 esordio
1217 3746 1264 3799 per
1277 3731 1408 3785 bocina«
1425 3735 1458 3787 Se
1479 3742 1580 3802 alianto

376 3803 400 3856 ia
415 3821 503 3861 mezzo
517 3808 568 3863 alla
582 3824 731 3881 compagae
744 3821 758 3861 e
772 3808 796 3863 in
812 3806 901 3878 luoghl
916 3805 1014 3862 deserti
1025 3805 1079 3875 pub
1093 3802 1324 3875 l‘audoeie,lanlo
1334 3806 1376 3862 nel
1386 3806 1445 3863 loro
1455 3808 1583 3880 ene’giu-

375 3877 426 3936 dizl
440 3882 542 3938 volesse
557 3884 573 3938 l'
585 3885 763 3956 impudenza3
779 3900 832 3940 noa
847 3897 987 3939 menoare
1001 3879 1068 3935 nella
1088 3896 1173 3936 coisse
1186 3881 1334 3937 cedesebbe
1348 3882 1418 3938 Aulo
1432 3887 1529 3940 Ceeiaa
1543 3887 1581 3940 al·

374 3953 552 4026 limpudenzs
566 3960 593 4020 di
607 3964 684 4019 Sesto
696 3959 804 4031 Ebasio,
815 3959 865 4015 she
876 3957 958 4013 ellam
969 3958 1073 4013 cedeile
1084 3956 1251 4028 ¹ell'audaela
1261 3957 1303 4011 nel
1316 3958 1431 4015 violento
1442 3967 1577 4017 nitesco».

343 4085 347 4089 .
415 4034 531 4109 Loulonll
545 4034 632 4092 dende
647 4052 747 4109 sgorpo
762 4036 776 4090 ll
792 4032 913 4107 periodo,
929 4050 995 4089 sono
1009 4032 1045 4104 gli
1057 4033 1206 4106 applaudi
1221 4032 1388 4105 superlativi,
1404 4036 1412 4089 i
1428 4037 1543 4102 relativi,
1557 4037 1580 4092 le

374 4109 512 4175 particelle
526 4115 708 4185 conglualise,
722 4112 894 4185 disglunlive,
910 4110 1088 4182 soggluntlre·

889 4278 939 4316 nel.
953 4277 1069 4317 dullino.

412 4410 432 4466 ll
447 4425 560 4466 numero
574 4412 694 4465 oratorio
708 4406 722 4463 b
736 4428 773 4466 un
786 4421 863 4469 cerlo
878 4414 968 4484 ritmo,
984 4429 1036 4468 non
1051 4411 1176 4483 isquisito
1190 4428 1205 4466 e
1221 4424 1425 4478 camardellae
1444 4411 1579 4466 ne’l’oemi

374 4503 389 4543 e
404 4485 549 4559 negl'lnni,
564 4502 609 4541 ma
622 4486 787 4544 dissimulato
801 4504 815 4543 e
830 4488 948 4559 latente,
964 4488 1015 4544 che
1030 4505 1077 4559 pes
1092 4489 1161 4543 altro
1176 4489 1197 4541 si
1213 4496 1287 4544 sente
1300 4504 1315 4544 e
1329 4491 1422 4543 boisce
1437 4502 1489 4540 con
1503 4494 1581 4558 gralo

372 4563 498 4618 eudenio.
518 4561 679 4618 lllaslrlemo
693 4576 744 4617 con
757 4580 793 4619 un
806 4567 926 4635 esempio
940 4568 964 4622 le
978 4565 1143 4622 delinlzione.
1156 4566 1199 4618 Lo
1209 4562 1346 4621 lenierite'e
1356 4559 1405 4618 del
1410 4560 1497 4633 stolio
1508 4579 1581 4619 eom·

371 4640 462 4710 proed
474 4636 498 4692 il
511 4639 593 4694 savio
607 4639 683 4694 delto
696 4636 744 4692 del
756 4639 849 4710 padre
862 4659 869 4710 ς
885 4644 932 4713 qui
945 4658 996 4697 non
1011 4640 1063 4696 e’e
1078 4643 1166 4694 ritmo.
1189 4644 1248 4702 lla,
1272 4648 1429 4694 conservate
1451 4636 1475 4692 le
1495 4644 1580 4695 siesse

375 4715 485 4783 parole,
502 4712 621 4770 llas-bone
637 4715 660 4768 ln
677 4730 730 4768 una
749 4732 913 4787 regunanze,
928 4726 1026 4789 questa
1040 4727 1167 4771 sentenia
1182 4717 1333 4787 pronunzib
1357 4730 1410 4770 eon
1429 4713 1583 4784 gratissime
1621 4777 1624 4784 ¹

373 4804 496 4845 numero:
518 4813 528 4841 a
544 4789 563 4845 ll
579 4792 651 4846 sario
665 4790 738 4848 dello
753 4793 794 4849 del
810 4793 892 4862 padre
908 4793 933 4848 la
949 4793 1071 4850 temerills
1085 4793 1125 4848 del
1141 4793 1211 4862 liglio
1226 4793 1374 4863 compenso
1389 4816 1413 4840 a.
