3942 5592
462 590 626 666 insequenti
638 584 739 648 nullas
760 588 877 646 munim
889 583 1010 660 iuturus
1022 583 1164 654 nciliiiass
1178 585 1262 659 opud
1278 581 1381 643 Gallos
1394 587 1472 645 enim
1486 590 1519 645 in
1540 590 1607 646 acie
1620 600 1681 646 me-

462 683 524 757 resu'
542 679 702 756 stipendia,
717 679 787 753 posi
800 679 971 736 nsissionem
982 690 1043 734 non
1054 676 1225 750 promereri.
1240 672 1311 732 Alia
1333 691 1371 734 eu
1383 679 1469 750 parle
1483 673 1599 754 aliquoi
1613 683 1680 738 lur-

463 766 529 826 bidi
540 785 581 826 eu
595 767 748 828 nobiliiale
761 762 904 839 bominis,
920 767 963 826 ad
975 765 1177 825 solicitudinis
1196 767 1355 840 isnapinem
1375 771 1539 843 compositi,
1554 768 1592 828 ab
1605 775 1680 847 ipsis

461 855 636 919 Maceribus
660 860 804 934 ropiiarc:
819 871 861 913 an
874 871 951 931 quas
964 873 1034 939 opes
1048 860 1084 916 iis
1103 852 1203 916 adim
1215 857 1327 933 vicina,
1342 872 1377 913 aa
1387 861 1494 933 polens
1517 858 1615 922 bostis
1626 859 1679 937 fa·

460 957 547 1030 cerei,
560 971 649 1030 porro
662 957 879 1027 conserventur,
895 950 930 1010 id
953 951 1028 1012 adeo
1042 970 1072 1012 se
1084 954 1197 1020 oereri5
1214 952 1283 1027 jam
1307 954 1384 1010 enim
1401 951 1497 1015 Gallis
1520 951 1681 1017 borsoresa

463 1044 602 1123 Pbilippo
612 1043 741 1123 conferri
744 1086 753 1120 ,
764 1049 792 1105 el
803 1050 993 1131 imperiorum
997 1049 1018 1124 j
1020 1062 1074 1104 nro
1088 1047 1303 1104 cosnmuniaari.
1314 1041 1421 1104 Parnm
1431 1050 1527 1109 oneris
1538 1053 1609 1109 unis
1623 1051 1679 1110 Hi-

460 1148 562 1219 spanis
577 1147 729 1219 inseruire,
749 1142 828 1203 Galli
842 1148 963 1217 insuper
976 1142 1172 1205 seruiendum.
1187 1143 1303 1202 Sedeas
1315 1142 1487 1202 desiderare
1500 1146 1533 1217 ul
1547 1144 1614 1205 llea
1627 1165 1676 1207 eos

460 1237 613 1314 aliquanti
623 1236 749 1315 faceret,
764 1242 791 1297 el
803 1243 838 1298 ni
857 1239 981 1307 uiritim,
996 1237 1095 1298 sallem
1109 1241 1263 1299 uniuersae
1277 1240 1393 1298 cicilali
1406 1239 1535 1312 pralium
1548 1240 1587 1300 de
1601 1245 1677 1304 inic-

461 1345 517 1404 pro
530 1345 632 1388 earum
654 1346 725 1407 erpa
738 1349 768 1391 se
777 1327 837 1404 fide
856 1346 910 1405 per
925 1330 1040 1390 litteras
1052 1330 1271 1386 contestani-ur.
1287 1329 1383 1405 Atque
1396 1330 1547 1409 ejusmodi
1559 1329 1677 1392 artibus

461 1424 494 1481 in
509 1425 586 1482 eicos
595 1425 688 1481 nicius
702 1424 854 1498 injiciunt,
869 1423 1088 1500 indipnmimcs
1103 1420 1270 1494 inlendunl,
1283 1425 1310 1480 ei
1324 1421 1392 1480 inde
1405 1419 1484 1479 odia.
1502 1421 1596 1482 Broui
1604 1427 1675 1498 posi

462 1514 612 1594 Eupenius
632 1531 652 1572 o
668 1514 822 1576 Sabaama
838 1519 955 1593 juslurn
980 1517 1104 1576 ductans
1122 1518 1336 1578 Germaniarum
1355 1517 1532 1593 exercitum,
1548 1514 1673 1592 Alpibus

457 1614 580 1688 praeter·
599 1628 678 1688 spem
692 1614 849 1688 superatis,
861 1629 918 1688 per
930 1611 1062 1675 Albesim
1071 1615 1214 1689 primum,
1227 1629 1299 1672 mou
1313 1614 1441 1685 Padum,
1457 1616 1520 1672 lum
1533 1607 1672 1689 Adriam,

459 1707 575 1766 Mmum
588 1707 740 1782 Mincium,
752 1709 874 1785 iidepris
894 1714 985 1785 copiis
999 1711 1144 1786 trajectis,
1159 1707 1378 1788 Gnoslallensi,
1400 1707 1615 1769 Mirandalano
1636 1723 1675 1765 ae

460 1803 674 1863 Maiimnsium
694 1803 767 1863 daec
787 1808 819 1861 in
838 1821 868 1865 se
888 1808 1036 1867 conuersis
1056 1808 1082 1862 el
1096 1804 1384 1882 aliquoiminoribus
1398 1806 1519 1883 oppidis
1535 1809 1568 1863 in
1588 1805 1675 1865 Mau·

460 1895 554 1952 luana
567 1894 677 1955 ditione
703 1896 873 1970 occupatis,
900 1896 1051 1956 Mantuam
1072 1902 1168 1972 ipsam
1190 1897 1419 1973 circumsidere,
1443 1899 1472 1956 ei
1494 1896 1673 1972 direptioni-

457 1981 510 2042 bus
524 1986 552 2044 el
565 1983 663 2042 crebro
683 1985 805 2043 incursu
818 1979 1071 2045 Mediolanensem
1084 2000 1190 2063 aprum
1208 1983 1358 2060 infestare.
1375 1987 1530 2061 Principio
1547 1982 1672 2044 Carolus

458 2072 557 2132 Maria
571 2072 798 2151 alolborinpia
817 2072 1267 2153 Vandemonlonornmpriuceps
1277 2075 1445 2137 Mediolano
1451 2071 1673 2152 praescissam

458 2167 605 2231 Nicolaus
629 2173 782 2232 Goiinalus
802 2171 910 2235 Gallici
923 2175 1072 2233 exercilus
1093 2173 1242 2248 duolalor,
1255 2189 1328 2232 moso
1349 2176 1443 2233 ousiis
1462 2173 1672 2233 Gennanoram

456 2267 549 2339 copiis
569 2264 712 2327 Victorius
725 2266 892 2326 Amadaous
908 2264 1076 2326 Sabrsudiae
1098 2263 1183 2342 Dux,
1198 2265 1312 2324 demum
1330 2265 1505 2326 Frusiciscus
1519 2262 1588 2321 dua
1609 2259 1672 2322 Vll·

458 2349 668 2414 loroaeuscum
676 2354 743 2415 aliis
754 2360 899 2417 sociorum
907 2353 1050 2430 auxiliis,
1060 2353 1230 2414 Mediolano
1240 2352 1346 2421 diuisis
1359 2357 1453 2431 copiis
1464 2353 1620 2430 praesidio
1628 2368 1677 2413 es·

454 2458 497 2517 se,
512 2446 539 2501 oi
553 2458 619 2501 aum
633 2441 712 2504 liosle
736 2448 769 2502 in
781 2443 844 2505 solo
858 2448 992 2518 calerno,
1006 2442 1044 2501 ab
1058 2447 1121 2502 sais
1132 2460 1190 2519 per
1203 2442 1293 2520 Alpes
1307 2443 1423 2518 dissilo,
1436 2441 1526 2503 nulla
1548 2442 1601 2501 ubi
1614 2440 1670 2520 lip-

455 2530 544 2592 berna
554 2529 675 2605 iaicas,
692 2534 868 2612 cunctando,
881 2553 917 2594 oa
927 2539 1037 2594 aeslaic
1051 2552 1112 2595 rem
1123 2552 1239 2612 perere.
1255 2535 1334 2596 Hinc
1344 2534 1407 2594 alia
1420 2536 1506 2594 nouis
1520 2532 1609 2593 rebus
1625 2529 1675 2606 af·

454 2623 606 2702 sociandis
630 2628 771 2706 lomenia,
787 2628 893 2706 quibus
914 2644 974 2688 non
986 2645 1095 2705 parum
1110 2630 1291 2694 Franciscus
1305 2626 1462 2688 Sociorum
1478 2625 1673 2703 Reipublicae

454 2719 572 2774 aeneiae
586 2717 744 2795 Neapolim
757 2718 920 2798 obliquius,
936 2720 1145 2780 Germanorum
1153 2724 1253 2797 qraiia
1266 2717 1464 2797 coaspirabcd,
1476 2733 1513 2776 aa
1526 2719 1672 2778 seditiosa

454 2805 587 2884 incensio,
602 2812 630 2866 el
643 2812 675 2866 ul
684 2807 849 2884 plurimum
865 2806 1090 2870 Coenobilasum
1103 2826 1226 2887 quoquc,
1243 2813 1341 2869 irislia
1360 2806 1460 2888 efferre
1471 2805 1666 2887 differrique,

452 2904 539 2977 alque
555 2900 681 2980 Eupenii
706 2908 807 2980 copias
819 2921 983 2983 coauqcre:
998 2908 1126 2967 mililam
1143 2909 1352 2968 Germanorum
1364 2905 1511 2980 ferociam
1531 2921 1567 2962 ac
1580 2901 1674 2962 robur

449 2992 647 3064 praedicare:
658 3011 717 3071 pso
727 2998 833 3071 quavis
843 2996 1137 3076 ueliluiionepraelia
1147 3013 1321 3074 supponere,
1334 3001 1361 3054 ai
1371 3000 1502 3073 inuenies
1517 2993 1677 3057 Gallorum

454 3085 639 3158 captiuitates
649 3087 798 3148 closellos.
814 3087 974 3164 Mantuam,
982 3082 1032 3150 cel
1042 3087 1240 3150 Mediolanum
1249 3094 1318 3146 aira
1328 3084 1575 3163 mapisplaoercl,
1586 3083 1675 3143 modo

453 3181 787 3260 oicaplum,modonliro
795 3184 924 3245 deditam
932 3185 1232 3259 denunciareQuinol
1241 3187 1377 3260 auspicia
1387 3181 1509 3260 flauere:
1521 3181 1677 3258 ciaqciilas

453 3275 485 3332 in
496 3281 927 3361 principisllupeniipraolorio
938 3275 1399 3347 couvscds‘sseGonlraCaiiualam
1413 3279 1537 3337 diciaci:
1548 3294 1579 3338 so
1587 3281 1677 3354 prio-

451 3369 481 3423 ri
494 3371 600 3433 iialico
614 3375 689 3437 bello
701 3379 841 3439 masculis
856 3384 974 3456 anisnis,
991 3397 1069 3439 nnnc
1083 3378 1276 3460 effoeminolis
1291 3373 1462 3452 corporibus
1473 3377 1634 3448 imperare,
1643 3376 1672 3432 el

453 3488 472 3530 a
486 3469 600 3533 civibus
613 3476 724 3550 mauis,
738 3490 827 3549 quom
841 3475 877 3534 ab
891 3475 1023 3536 boslibus
1032 3477 1236 3549 rsooinendum3
1265 3471 1365 3534 Gallos
1375 3485 1432 3531 non
1446 3483 1539 3543 aeque
1555 3471 1588 3527 nl
1602 3466 1676 3526 olim

448 3580 508 3640 pro
516 3568 565 3623 sui
579 3564 669 3637 blopis
679 3564 865 3643 ploriopunc
877 3584 932 3643 pro
949 3568 1108 3626 omnimodis
1119 3566 1326 3642 Hispanorum,
1341 3561 1523 3624 contenderes
1537 3563 1565 3617 el
1574 3557 1673 3618 Ilalos

453 3654 658 3732 Hispanosque
680 3656 784 3715 coedes
804 3656 954 3717 Gallorum
968 3663 1099 3735 spectare
1119 3661 1224 3735 serapis,
1239 3653 1505 3733 quamuindicare3
1519 3653 1580 3709 imo
1600 3648 1671 3710 iiia

452 3747 553 3807 deniia
575 3745 770 3822 occupabam.-
790 3763 848 3806 non
867 3752 975 3807 mirum
988 3752 1017 3809 si
1030 3746 1193 3825 Ludouico,
1209 3751 1263 3824 qui
1283 3745 1358 3805 bollo
1370 3739 1516 3820 superiori
1536 3741 1672 3802 onmibns

451 3844 514 3902 eral
524 3840 694 3920 formidini,
705 3845 791 3905 modo
801 3847 855 3904 uni
869 3845 1007 3905 &omani
1015 3851 1164 3924 napolium
1173 3844 1321 3924 facessant
1328 3862 1340 3913 ,·
1353 3844 1382 3899 ei
1390 3856 1515 3915 nauaque
1524 3842 1572 3898 sol
1581 3853 1671 3915 opum

451 3933 493 3991 ad
513 3938 599 4011 rapui
616 3933 817 4011 proferendos
833 3935 907 4010 fines
927 3955 936 3992 s
972 3940 1002 3995 al
1035 3935 1077 3995 ad
1094 3933 1306 4014 prolopendam
1329 3932 1523 4007 Hispanicum
1547 3944 1669 3989 morsar-

452 4025 548 4085 cbiam
573 4033 711 4107 imparem
732 4049 806 4093 esse.
833 4032 889 4093 His
910 4036 1002 4110 ipilur
1022 4031 1261 4107 insiipaiionibus
1281 4027 1355 4105 salsi
1377 4031 1476 4101 ciues,
1501 4025 1549 4084 uel
1571 4038 1671 4087 serium

445 4119 635 4189 privatarum
657 4127 791 4186 exsorles
810 4123 858 4184 uel
873 4123 1061 4201 publicarum
1079 4127 1179 4201 ipnari
1196 4169 1205 4202 ,
1222 4126 1268 4182 uli
1287 4119 1322 4196 iil
1345 4122 1378 4179 ul
1392 4117 1589 4194 quoinolinol
1602 4115 1670 4193 sor·

450 4210 522 4264 luna
535 4207 616 4287 belli,
630 4228 663 4269 eo
682 4218 803 4290 oerqonl
818 4219 911 4275 animi
923 4212 1065 4291 fortunae
1086 4232 1227 4293 aucupes,
1242 4211 1354 4274 osculle
1373 4209 1528 4269 &rasonis
1550 4206 1670 4272 sladen

451 4302 608 4374 accipiunt.
625 4299 733 4362 Paullo
748 4311 816 4382 posi
830 4304 937 4366 bellum
950 4310 983 4364 in
999 4305 1122 4366 llaliam
1135 4307 1261 4380 illalum,
1276 4301 1441 4378 Lacerdae,
1456 4302 1555 4375 alpais
1567 4314 1669 4359 rerum

449 4395 750 4472 italicarumoallidm
762 4408 789 4463 el
802 4405 951 4481 stipendio
967 4403 1182 4466 Mediolanensi
1193 4401 1270 4464 bello
1280 4393 1502 4475 suppeditanda
1513 4412 1668 4454 occurren·

451 4489 485 4560 ii,
497 4494 690 4566 psoroqalum
711 4512 730 4553 a
744 4495 886 4571 Philippo
903 4495 1091 4574 Prorcpnum.
1108 4495 1196 4573 Isque
1210 4483 1292 4566 mosa,
1306 4493 1338 4548 ul
1351 4487 1404 4547 sub
1419 4504 1477 4562 quo
1498 4486 1569 4548 Uibi
1577 4503 1670 4563 W·

449 4576 540 4655 secio,
557 4579 715 4668 difficiliori
729 4589 889 4664 inicerepni
902 4590 1042 4666 tempora,
1056 4590 1252 4648 innocentiam
1262 4589 1295 4642 in
1307 4579 1376 4640 urbe
1388 4583 1543 4656 seruasset,
1557 4579 1612 4640 sub
1622 4597 1670 4640 eo-

432 4722 435 4728 .
451 4671 515 4731 clero
531 4678 607 4733 corio
614 4679 683 4753 jam
695 4681 922 4758 Repclnerclm,
936 4683 1177 4748 Modicaoocioile
1191 4686 1345 4759 imperium
1352 4680 1538 4755 psoroaaoii.
1555 4675 1604 4739 lbi
1612 4690 1672 4753 per
