3942 5592
1510 489 1567 552 iiii

389 612 474 673 gnam
499 594 581 658 iliius
594 594 741 656 bonorum
764 589 988 670 despicientiam
1002 588 1145 665 credetis,
1166 607 1228 667 quo
1243 590 1362 668 maiora
1376 592 1514 671 eiusdem
1529 595 1607 669 vilae

387 695 539 756 commoda
554 691 694 754 memoria
715 691 871 768 repcialis.
889 688 1006 748 Etenim
1027 688 1051 747 si
1063 686 1196 764 jucunda
1219 691 1354 765 vitalest,
1371 709 1447 769 quae
1465 695 1541 753 inter
1556 695 1610 754 bc·

385 786 480 848 mines
490 788 630 863 autiquae
643 785 768 844 uirtutis
781 782 915 860 degitur,
928 786 960 841 et
973 781 1002 840 in
1019 782 1137 858 publica
1149 781 1397 859 amplissimarum
1412 786 1530 847 urbium
1543 789 1609 848 luce

385 874 537 959 versatm,
552 882 767 960 jucundissima
781 880 875 957 bujus
886 881 947 942 rita
960 882 1039 954 erat,
1052 895 1131 954 quae
1142 879 1219 940 inter
1229 878 1385 958 Hispanos,
1398 884 1531 946 homines
1545 885 1609 946 exi·

387 980 453 1042 ruiis
468 985 591 1040 ornalos
607 978 782 1051 virtutibus,
798 983 830 1038 et
845 979 872 1037 in
886 993 955 1038 arce
967 975 1081 1053 imperii
1101 976 1183 1037 orbis
1199 981 1344 1038 terrarum
1354 979 1524 1056 amplissimi
1538 1000 1608 1060 age·

386 1077 487 1138 batur.
499 1077 531 1140 Si
551 1080 673 1156 accepta
687 1077 754 1154 ejus
769 1076 829 1137 vita
844 1079 903 1151 est,
921 1075 972 1151 qni
988 1073 1176 1149 splendorem
1198 1091 1232 1135 ac
1247 1074 1425 1153 dignitatem
1441 1081 1539 1156 gentis
1553 1099 1607 1158 po-

382 1174 514 1257 steritati
529 1173 668 1235 mandare
682 1173 790 1250 possit,
803 1172 1009 1249 acceptissima
1022 1170 1115 1246 bajus
1128 1171 1187 1230 vlia
1202 1176 1281 1247 erat,
1290 1190 1348 1250 qnia
1360 1174 1516 1237 deiicienle
1525 1178 1606 1256 prin·

384 1273 504 1349 cipaius
519 1272 684 1349 dragoniae
699 1270 837 1332 Familiae
853 1270 1010 1350 immortali
1024 1268 1129 1346 gloria,
1146 1268 1257 1329 virtute
1283 1289 1410 1346 summa,
1425 1277 1456 1332 et
1481 1275 1605 1352 antiqua

384 1381 547 1443 mgnomm
569 1364 729 1448 maJestate
755 1363 988 1440 praeclarissima
1002 1361 1170 1442 deficiebat.=
1188 1361 1218 1420 Si
1238 1368 1324 1441 graia
1348 1367 1407 1425 rita
1431 1371 1480 1428 esi
1494 1367 1604 1432 relerta

381 1460 417 1521 iis
431 1462 585 1522 Fortunae
600 1462 697 1533 bonis,
712 1477 791 1538 quae
804 1460 841 1520 ad
863 1461 1049 1520 honestatem
1064 1459 1124 1518 sint
1146 1458 1233 1535 satis,
1249 1454 1416 1538 gratissima
1432 1464 1523 1543 hujus
1541 1466 1600 1527 rita

380 1559 456 1626 erat,
466 1573 546 1633 quae
557 1557 646 1617 taulis
656 1556 795 1616 affluebat
804 1556 911 1634 opibus
923 1553 1089 1633 copiisque,
1102 1557 1136 1615 ul
1146 1552 1184 1614 ad
1196 1558 1311 1633 reglum
1323 1558 1522 1634 splendorem,
1536 1578 1593 1622 ma·

383 1650 595 1729 grilioentiam,
613 1654 821 1715 liberalitatem
846 1671 880 1714 ac
903 1650 1126 1714 beneficentiam
1143 1670 1213 1730 rege
1228 1652 1331 1731 dignas
1354 1655 1429 1714 salis
1443 1674 1594 1734 superque

384 1749 578 1811 haberentur.
593 1749 624 1810 Si
637 1751 808 1828 opiaiaviia
820 1755 867 1811 est
882 1752 1007 1810 honesto
1017 1748 1172 1827 dignitatis
1185 1752 1279 1827 gradu
1291 1753 1498 1830 coboncsiaia,
1514 1759 1600 1830 opia-

380 1846 496 1908 lissima
513 1848 605 1929 hujus
630 1848 692 1910 vita
707 1854 772 1909 erat
789 1837 948 1909 honoribus
976 1847 1004 1908 in
1019 1847 1168 1925 republica
1190 1849 1322 1910 omnium
1344 1850 1524 1927 amplissima
1538 1870 1600 1912 am·

378 1941 522 2017 piissimis
545 1943 704 2003 cumulata.
722 1942 841 2020 Magnas
865 1941 1029 2002 suavitates
1045 1956 1115 2016 prae
1133 1956 1165 2000 se
1181 1940 1239 1999 lert
1253 1941 1311 2000 viia
1326 1941 1405 2002 dulci
1421 1944 1526 2003 matris
1546 1943 1600 2003 do·

378 2036 446 2092 nata
471 2035 608 2103 uomine;
625 2040 656 2095 al
671 2038 815 2097 maximas
837 2034 894 2096 viia
916 2032 1017 2112 bajus,
1032 2049 1121 2111 quam
1144 2033 1360 2094 reverebantur
1374 2033 1497 2096 iiatrem
1521 2051 1599 2097 unus

376 2129 485 2208 Beros,
500 2136 572 2193 ocio
586 2118 743 2195 iieroinae.
760 2133 858 2196 iiulcis
873 2134 933 2194 sita
948 2136 1008 2201 est,
1026 2148 1103 2208 quae
1118 2130 1255 2208 diiigiiur
1269 2136 1392 2210 pmpter
1406 2135 1518 2195 multas
1531 2152 1597 2197 sua·

380 2227 490 2288 vitales
506 2228 632 2308 ingenii,
649 2234 681 2292 al
694 2232 864 2293 dulcissima
879 2232 940 2292 vita
954 2228 1057 2311 hujus,
1073 2245 1149 2305 quac
1162 2232 1287 2309 propter
1302 2231 1467 2292 innumeras
1481 2239 1597 2309 pracie·

378 2339 426 2384 roa
439 2323 646 2403 jucundiiales
668 2328 830 2391 officiorum
845 2330 929 2392 bonis
944 2329 1084 2389 omnibus
1105 2342 1173 2387 cara
1187 2332 1263 2388 erat.
1278 2328 1351 2388 Cara
1366 2332 1428 2389 vila
1444 2333 1504 2400 esi,
1520 2348 1598 2406 quae

383 2421 551 2485 laudatura
565 2426 667 2504 bonis,
683 2431 715 2486 at
728 2428 878 2488 carissima
888 2426 989 2504 hujus,
1001 2426 1038 2486 de
1049 2424 1107 2501 qua
1119 2427 1308 2486 consentiens
1321 2427 1385 2487 laus
1399 2429 1592 2505 optimorum,

378 2518 409 2575 et
423 2514 598 2596 incorrupta
620 2536 679 2580 vox
699 2520 810 2598 optime
821 2519 1015 2597 judicantium
1035 2519 1072 2579 de
1091 2519 1248 2580 excellenti
1265 2519 1378 2579 virtute
1392 2536 1429 2579 eo
1443 2523 1537 2600 magis
1559 2528 1591 2584 et

378 2611 471 2691 magis
486 2616 654 2695 crescebat,
671 2635 731 2695 quo
743 2618 859 2695 lougius
874 2617 938 2697 ejus
952 2621 1035 2680 aetas
1047 2619 1275 2696 produceretur.
1287 2616 1395 2693 Ecquis
1411 2617 1480 2677 lorti
1494 2623 1593 2682 animo

375 2708 539 2782 praeditus,
552 2726 621 2771 cum
638 2711 664 2772 ei
677 2714 722 2770 toi
734 2716 892 2788 tantaeque
908 2711 984 2771 vitae
994 2710 1205 2788 jucunditates,
1218 2710 1394 2784 suavitates,
1407 2710 1543 2772 raritates
1554 2714 1593 2774 ob

375 2799 476 2859 oculos
487 2801 791 2877 ponerentur,moriis
800 2806 882 2861 melu
894 2816 949 2860 non
965 2794 1180 2878 frangeretur?
1196 2799 1233 2859 El
1245 2803 1344 2859 tamen
1357 2803 1455 2860 nostra
1468 2802 1594 2864 llcroina

374 2892 522 2958 existimat
545 2896 633 2957 animi
657 2914 723 2958 esse
745 2914 802 2958 non
824 2895 880 2957 sibi
893 2897 1069 2957 sufficientis
1083 2902 1188 2975 optare
1202 2894 1352 2973 publicam
1374 2896 1480 2972 iucem,
1500 2898 1594 2959 inanis

374 2984 466 3061 gloria
479 2987 579 3065 cupidi
591 2989 713 3048 studere
728 2989 851 3048 familiae
864 2987 1068 3066 perennitatis,
1078 2987 1200 3047 nimium
1213 2987 1332 3064 angusti
1347 2988 1506 3048 aestimare
1520 3007 1594 3068 opes

374 3085 405 3142 el
416 3084 536 3162 copias,
553 3086 725 3164 popularem
741 3103 843 3146 auram
860 3087 1005 3148 sectantis
1019 3086 1219 3162 magnifacere
1238 3085 1377 3156 honores,
1395 3083 1525 3145 seminali
1542 3104 1593 3147 no·

374 3195 438 3241 rnen
453 3183 561 3244 matris
581 3200 700 3254 curare,
717 3201 751 3245 ac
764 3186 890 3261 deniqne
906 3204 963 3246 non
988 3185 1024 3245 ad
1041 3184 1181 3245 rirlutem
1198 3183 1266 3243 iacti
1288 3180 1432 3259 aucupari
1447 3181 1549 3242 laudes
1560 3189 1593 3244 et

374 3271 509 3348 gloriam.
527 3273 563 3335 Et
584 3276 831 3350 quemadmodum
848 3279 901 3338 bac
913 3279 986 3338 mira
1001 3275 1192 3354 despicientia
1208 3274 1392 3335 haecomnia
1407 3279 1523 3351 sprevit
1537 3258 1591 3355 op-

376 3367 436 3424 laia
452 3365 543 3442 bona,
562 3368 603 3427 iia
617 3371 795 3446 aequamini
812 3371 901 3430 :inlini
916 3371 1123 3448 magnitudine
1138 3386 1186 3429 res
1200 3385 1317 3444 semper
1330 3368 1417 3447 longe
1438 3370 1590 3446 optatissi-

374 3472 443 3532 mus,
462 3478 570 3538 nempe
586 3464 713 3524 virtutes
734 3466 896 3542 appetisti:
913 3469 944 3524 ci
958 3465 1044 3525 sicuti
1068 3464 1095 3523 ln
1110 3463 1200 3524 rebus
1215 3463 1337 3539 agendis
1350 3479 1494 3524 summam
1508 3480 1589 3528 sem·

375 3565 426 3624 per
439 3551 630 3614 Prudenliam
642 3557 762 3629 amasii,
777 3559 862 3618 sicuti
880 3557 907 3617 in
919 3555 986 3638 jure
999 3557 1106 3632 cuique
1122 3556 1290 3626 tribuendo,
1305 3556 1367 3615 slve
1383 3555 1411 3615 id
1422 3556 1587 3618 deberetur

378 3636 434 3699 lieo
447 3639 572 3719 Optimo
587 3646 716 3707 iiaximo
741 3665 775 3709 ac
791 3649 936 3727 reilgioni,
959 3649 1022 3708 sive
1036 3665 1153 3709 summo
1167 3648 1239 3724 Regi
1265 3665 1299 3706 ac
1314 3648 1504 3726 reipublicae,
1523 3650 1586 3711 sire

377 3730 525 3813 Familiae,
539 3754 574 3798 ac
588 3739 666 3800 iilius
682 3742 818 3820 Principi,
836 3743 898 3802 sive
910 3743 1024 3816 amicis,
1039 3741 1103 3801 sire
1113 3740 1269 3825 subjectis,
1286 3740 1347 3801 sive
1360 3740 1486 3817 denique
1497 3742 1584 3803 bonis

378 3826 523 3905 omnibuS,
542 3845 660 3908 semper
678 3834 814 3893 eximiam
830 3833 976 3894 iustitiam
992 3833 1096 3897 dilexit
1112 3875 1119 3908 ,
1135 3833 1223 3894 sicuti
1238 3834 1313 3892 inter
1327 3850 1400 3910 opes
1414 3838 1445 3893 ct
1466 3835 1579 3911 copias,

379 3916 453 3980 inter
466 3935 602 3982 summos
615 3924 769 4002 dignitatis
780 3930 810 3986 et
825 3928 946 3987 honoris
959 3927 1083 4005 gradus,
1102 3925 1178 3985 inter
1193 3925 1335 3985 maximas
1352 3926 1398 3985 sui
1412 3925 1585 3985 admiratio·

378 4030 424 4075 nes
436 4021 469 4076 ei
485 4019 590 4080 laudes
609 4039 728 4101 semper
740 4026 896 4085 maximam
916 4024 1004 4084 aniani
1021 4024 1253 4084 moderationem
1267 4024 1434 4099 exoptavit,
1453 4023 1494 4082 ita
1509 4023 1587 4083 inter
1623 4065 1625 4067 -

375 4110 577 4173 acerbissimos
601 4114 731 4190 dolores,
749 4118 826 4178 inter
846 4122 978 4178 terrores
993 4117 1231 4190 molestissimos,
1247 4115 1325 4175 inter
1350 4133 1490 4192 suprema
1507 4117 1589 4176 vitae

376 4208 446 4267 mala
465 4209 616 4272 heroicam
632 4213 778 4275 virtutem
790 4217 958 4294 explicarit.
972 4219 1017 4275 An
1029 4216 1104 4275 banc
1116 4212 1264 4272 heroicam
1280 4212 1430 4288 virtulem,
1445 4213 1482 4272 ad
1497 4229 1588 4290 quam

374 4305 458 4383 eripit
479 4309 669 4372 Catbarinam
694 4313 783 4374 animi
799 4313 983 4392 Magnitudo,
1002 4313 1109 4373 inritat
1128 4309 1218 4369 eliam
1239 4308 1424 4388 Constantia,
1446 4326 1523 4385 quae
1547 4311 1587 4371 ob

375 4402 461 4484 bajus
482 4407 584 4468 oculos
596 4411 678 4487 ponit
693 4411 821 4472 virtutes
831 4429 947 4488 omnes,
964 4410 1073 4486 quibus
1087 4425 1207 4485 semper
1221 4408 1352 4466 animum
1362 4405 1528 4481 exornavit,
1540 4410 1588 4466 at·
1648 4476 1651 4480 A

367 4517 429 4577 -que
444 4506 520 4567 bauc
541 4507 759 4584 confirmabut
774 4512 920 4571 rationem
936 4514 1015 4572 vitae
1037 4526 1105 4571 cnm
1133 4508 1286 4570 illisaciae
1301 4506 1448 4581 retineat,
1472 4504 1587 4576 viribus

377 4607 477 4680 auget,
494 4608 527 4663 ui
547 4623 615 4668 cum
639 4608 695 4668 iliis
711 4609 827 4670 tandem
847 4611 938 4669 ctiam
953 4608 1099 4672 absolvat.
1116 4607 1141 4669 0
1155 4606 1305 4686 praeclara
1318 4602 1505 4664 Constantine
1520 4619 1587 4664 mu-

377 4695 440 4754 nia!
456 4696 496 4755 iit
510 4712 529 4755 o
543 4701 739 4776 praeclariora
755 4698 915 4762 i‘aiieniiae
930 4704 938 4762 l
954 4700 1032 4760 iiaec
1053 4715 1181 4776 namque
1197 4704 1228 4758 ui
1242 4699 1293 4758 iiia
1308 4692 1517 4757 acerbissimos
1531 4696 1584 4757 do·

373 4792 445 4854 iores
459 4811 532 4872 prae
545 4797 747 4862 dissolutione
760 4800 848 4861 animi
871 4799 993 4862 caelesti
1018 4799 1117 4877 specie
1129 4797 1270 4877 praediti,
1279 4799 1312 4855 et
1326 4791 1462 4873 corporis
1476 4794 1584 4857 decora
