<?xml version="1.0" encoding="UTF-8"?>
<!DOCTYPE html PUBLIC "-//W3C//DTD XHTML 1.0 Transitional//EN"
    "http://www.w3.org/TR/xhtml1/DTD/xhtml1-transitional.dtd">
<html xmlns="http://www.w3.org/1999/xhtml" xml:lang="en" lang="en">
 <head>
  <title>
</title>
<meta http-equiv="Content-Type" content="text/html;charset=utf-8" />
  <meta name='ocr-system' content='tesseract 3.04.00' />
  <meta name='ocr-capabilities' content='ocr_page ocr_carea ocr_par ocr_line ocrx_word'/>
</head>
<body>
  <div class='ocr_page' id='page_1' title='image "./operedigiambatt01ferrgoog_0183.png"; bbox 0 0 3942 5592; ppageno 0'>
   <div class='ocr_carea' id='block_1_1' title="bbox 301 538 1579 2030">
    <p class='ocr_par' dir='ltr' id='par_1_1' title="bbox 301 538 1579 2030">
     <span class='ocr_line' id='line_1_1' title="bbox 361 538 1574 621; baseline -0.004 -17"><span class='ocrx_word' id='word_1_1' title='bbox 361 539 498 621; x_wconf 83' lang='lat' dir='ltr'><strong><em>Pbibppo</em></strong></span> <span class='ocrx_word' id='word_1_2' title='bbox 513 539 560 603; x_wconf 88' lang='lat' dir='ltr'><strong><em>IV</em></strong></span> <span class='ocrx_word' id='word_1_3' title='bbox 571 538 668 602; x_wconf 87' lang='lat' dir='ltr'><strong><em>sobole</em></strong></span> <span class='ocrx_word' id='word_1_4' title='bbox 689 539 726 600; x_wconf 86' lang='lat' dir='ltr'><strong><em>ab</em></strong></span> <span class='ocrx_word' id='word_1_5' title='bbox 740 538 868 600; x_wconf 77' lang='lat' dir='ltr'><strong><em>Austriis</em></strong></span> <span class='ocrx_word' id='word_1_6' title='bbox 889 542 923 598; x_wconf 85' lang='lat' dir='ltr'><strong><em>in</em></strong></span> <span class='ocrx_word' id='word_1_7' title='bbox 941 554 1008 600; x_wconf 88' lang='lat' dir='ltr'><strong><em>suos</em></strong></span> <span class='ocrx_word' id='word_1_8' title='bbox 1020 555 1112 615; x_wconf 72' lang='lat' dir='ltr'><strong><em>reposo</em></strong></span> <span class='ocrx_word' id='word_1_9' title='bbox 1122 538 1279 619; x_wconf 88' lang='lat' dir='ltr'><strong><em>bispanica</em></strong></span> <span class='ocrx_word' id='word_1_10' title='bbox 1292 541 1442 616; x_wconf 66' lang='lat' dir='ltr'><strong><em>munuum</em></strong></span> <span class='ocrx_word' id='word_1_11' title='bbox 1455 547 1574 607; x_wconf 73' lang='lat' dir='ltr'><strong><em>conten</em></strong></span> 
     </span>
     <span class='ocr_line' id='line_1_2' title="bbox 357 627 1575 715; baseline 0.002 -20"><span class='ocrx_word' id='word_1_12' title='bbox 357 636 437 695; x_wconf 82' lang='lat' dir='ltr'><strong><em>clere.</em></strong></span> <span class='ocrx_word' id='word_1_13' title='bbox 456 633 545 710; x_wconf 84' lang='lat' dir='ltr'><strong><em>Isque</em></strong></span> <span class='ocrx_word' id='word_1_14' title='bbox 556 632 630 693; x_wconf 81' lang='lat' dir='ltr'><strong><em>acleo</em></strong></span> <span class='ocrx_word' id='word_1_15' title='bbox 643 628 748 692; x_wconf 87' lang='lat' dir='ltr'><strong><em>abbiuc</em></strong></span> <span class='ocrx_word' id='word_1_16' title='bbox 760 627 1052 707; x_wconf 70' lang='lat' dir='ltr'><strong><em>somniaremus,</em></strong></span> <span class='ocrx_word' id='word_1_17' title='bbox 1062 635 1132 709; x_wconf 89' lang='lat' dir='ltr'><strong><em>jam</em></strong></span> <span class='ocrx_word' id='word_1_18' title='bbox 1145 634 1215 694; x_wconf 81' lang='lat' dir='ltr'><strong><em>inde</em></strong></span> <span class='ocrx_word' id='word_1_19' title='bbox 1226 649 1284 710; x_wconf 81' lang='lat' dir='ltr'><strong><em>quo</em></strong></span> <span class='ocrx_word' id='word_1_20' title='bbox 1305 633 1394 696; x_wconf 83' lang='lat' dir='ltr'><strong><em>dubia</em></strong></span> <span class='ocrx_word' id='word_1_21' title='bbox 1401 635 1497 714; x_wconf 81' lang='lat' dir='ltr'><strong><em>prcus</em></strong></span> <span class='ocrx_word' id='word_1_22' title='bbox 1508 654 1575 715; x_wconf 86' lang='lat' dir='ltr'><strong><em>spes</em></strong></span> 
     </span>
     <span class='ocr_line' id='line_1_3' title="bbox 361 720 1576 809; baseline 0.003 -23"><span class='ocrx_word' id='word_1_23' title='bbox 361 727 433 804; x_wconf 81' lang='lat' dir='ltr'><strong><em>llepi</em></strong></span> <span class='ocrx_word' id='word_1_24' title='bbox 447 723 552 784; x_wconf 85' lang='lat' dir='ltr'><strong><em>Carclo</em></strong></span> <span class='ocrx_word' id='word_1_25' title='bbox 561 727 636 799; x_wconf 83' lang='lat' dir='ltr'><strong><em>erat,</em></strong></span> <span class='ocrx_word' id='word_1_26' title='bbox 648 725 761 799; x_wconf 79' lang='lat' dir='ltr'><strong><em>inpenti</em></strong></span> <span class='ocrx_word' id='word_1_27' title='bbox 774 720 867 783; x_wconf 85' lang='lat' dir='ltr'><strong><em>classe</em></strong></span> <span class='ocrx_word' id='word_1_28' title='bbox 881 736 917 779; x_wconf 89' lang='lat' dir='ltr'><strong><em>aa</em></strong></span> <span class='ocrx_word' id='word_1_29' title='bbox 927 727 1117 798; x_wconf 66' lang='lat' dir='ltr'><strong><em>mulspotenti</em></strong></span> <span class='ocrx_word' id='word_1_30' title='bbox 1130 729 1264 785; x_wconf 82' lang='lat' dir='ltr'><strong><em>eaereitu</em></strong></span> <span class='ocrx_word' id='word_1_31' title='bbox 1273 724 1309 785; x_wconf 81' lang='lat' dir='ltr'><strong><em>iel</em></strong></span> <span class='ocrx_word' id='word_1_32' title='bbox 1318 733 1514 790; x_wconf 72' lang='lat' dir='ltr'><strong><em>successibus</em></strong></span> <span class='ocrx_word' id='word_1_33' title='bbox 1518 732 1576 809; x_wconf 86' lang='lat' dir='ltr'><strong><em>jus</em></strong></span> 
     </span>
     <span class='ocr_line' id='line_1_4' title="bbox 357 810 1578 890; baseline 0.003 -14"><span class='ocrx_word' id='word_1_34' title='bbox 357 819 552 879; x_wconf 76' lang='lat' dir='ltr'><strong><em>inslmaernt.</em></strong></span> <span class='ocrx_word' id='word_1_35' title='bbox 569 814 653 877; x_wconf 81' lang='lat' dir='ltr'><strong><em>Elin</em></strong></span> <span class='ocrx_word' id='word_1_36' title='bbox 671 810 726 873; x_wconf 90' lang='lat' dir='ltr'><strong><em>boc</em></strong></span> <span class='ocrx_word' id='word_1_37' title='bbox 739 811 800 890; x_wconf 74' lang='lat' dir='ltr'><strong><em>sati</em></strong></span> <span class='ocrx_word' id='word_1_38' title='bbox 811 815 943 873; x_wconf 76' lang='lat' dir='ltr'><strong><em>neuun</em></strong></span> <span class='ocrx_word' id='word_1_39' title='bbox 952 818 1103 889; x_wconf 75' lang='lat' dir='ltr'><strong><em>proximis</em></strong></span> <span class='ocrx_word' id='word_1_40' title='bbox 1116 820 1191 877; x_wconf 78' lang='lat' dir='ltr'><strong><em>anesi</em></strong></span> <span class='ocrx_word' id='word_1_41' title='bbox 1205 820 1339 878; x_wconf 67' lang='lat' dir='ltr'><strong><em>mammo</em></strong></span> <span class='ocrx_word' id='word_1_42' title='bbox 1351 835 1384 879; x_wconf 89' lang='lat' dir='ltr'><strong><em>se</em></strong></span> <span class='ocrx_word' id='word_1_43' title='bbox 1396 825 1578 880; x_wconf 76' lang='lat' dir='ltr'><strong><em>exercuerat</em></strong></span> 
     </span>
     <span class='ocr_line' id='line_1_5' title="bbox 357 908 1579 995; baseline 0.004 -22"><span class='ocrx_word' id='word_1_44' title='bbox 357 912 436 973; x_wconf 89' lang='lat' dir='ltr'><strong><em>bella</em></strong></span> <span class='ocrx_word' id='word_1_45' title='bbox 459 909 554 992; x_wconf 76' lang='lat' dir='ltr'><strong><em>(quael</em></strong></span> <span class='ocrx_word' id='word_1_46' title='bbox 567 916 671 973; x_wconf 77' lang='lat' dir='ltr'><strong><em>ceretro</em></strong></span> <span class='ocrx_word' id='word_1_47' title='bbox 684 908 768 989; x_wconf 83' lang='lat' dir='ltr'><strong><em>repes</em></strong></span> <span class='ocrx_word' id='word_1_48' title='bbox 783 910 1002 986; x_wconf 74' lang='lat' dir='ltr'><em>Hispaniarum</em></span> <span class='ocrx_word' id='word_1_49' title='bbox 1014 914 1042 971; x_wconf 92' lang='lat' dir='ltr'><strong><em>et</em></strong></span> <span class='ocrx_word' id='word_1_50' title='bbox 1057 909 1194 992; x_wconf 82' lang='lat' dir='ltr'><strong><em>Anpliac,</em></strong></span> <span class='ocrx_word' id='word_1_51' title='bbox 1209 915 1391 976; x_wconf 78' lang='lat' dir='ltr'><strong><em>Bataoonem</em></strong></span> <span class='ocrx_word' id='word_1_52' title='bbox 1405 915 1579 995; x_wconf 85' lang='lat' dir='ltr'><strong><em>ltempabli·</em></strong></span> 
     </span>
     <span class='ocr_line' id='line_1_6' title="bbox 301 996 1577 1086; baseline 0.001 -22"><span class='ocrx_word' id='word_1_53' title='bbox 301 1072 305 1080; x_wconf 52' lang='grc'><strong>,</strong></span> <span class='ocrx_word' id='word_1_54' title='bbox 358 1021 434 1083; x_wconf 77' lang='lat' dir='ltr'><strong><em>cam,</em></strong></span> <span class='ocrx_word' id='word_1_55' title='bbox 450 1005 619 1068; x_wconf 82' lang='lat' dir='ltr'><strong><em>Subnuclias</em></strong></span> <span class='ocrx_word' id='word_1_56' title='bbox 633 1005 748 1079; x_wconf 61' lang='lat' dir='ltr'><strong><em>diuam</em></strong></span> <span class='ocrx_word' id='word_1_57' title='bbox 763 996 982 1079; x_wconf 67' lang='lat' dir='ltr'><strong><em>imperamus,</em></strong></span> <span class='ocrx_word' id='word_1_58' title='bbox 996 1003 1024 1061; x_wconf 84' lang='lat' dir='ltr'><strong><em>a</em></strong></span> <span class='ocrx_word' id='word_1_59' title='bbox 1031 1001 1191 1083; x_wconf 78' lang='lat' dir='ltr'><strong><em>pterosque</em></strong></span> <span class='ocrx_word' id='word_1_60' title='bbox 1217 1005 1390 1067; x_wconf 78' lang='lat' dir='ltr'><strong><em>Genmniae</em></strong></span> <span class='ocrx_word' id='word_1_61' title='bbox 1416 1008 1577 1086; x_wconf 75' lang='lat' dir='ltr'><strong><em>Principes</em></strong></span> 
     </span>
     <span class='ocr_line' id='line_1_7' title="bbox 357 1087 1573 1175; baseline 0.005 -20"><span class='ocrx_word' id='word_1_62' title='bbox 357 1095 526 1173; x_wconf 82' lang='lat' dir='ltr'><strong><em>sceleratos</em></strong></span> <span class='ocrx_word' id='word_1_63' title='bbox 536 1097 748 1158; x_wconf 72' lang='lat' dir='ltr'><strong><em>sustentaverat</em></strong></span> <span class='ocrx_word' id='word_1_64' title='bbox 761 1087 875 1172; x_wconf 85' lang='lat' dir='ltr'><strong><em>unus),</em></strong></span> <span class='ocrx_word' id='word_1_65' title='bbox 889 1095 922 1152; x_wconf 90' lang='lat' dir='ltr'><strong><em>ut</em></strong></span> <span class='ocrx_word' id='word_1_66' title='bbox 942 1096 975 1151; x_wconf 89' lang='lat' dir='ltr'><strong><em>in</em></strong></span> <span class='ocrx_word' id='word_1_67' title='bbox 996 1092 1051 1153; x_wconf 87' lang='lat' dir='ltr'><strong><em>boc</em></strong></span> <span class='ocrx_word' id='word_1_68' title='bbox 1064 1097 1201 1174; x_wconf 86' lang='lat' dir='ltr'><strong><em>temporis</em></strong></span> <span class='ocrx_word' id='word_1_69' title='bbox 1215 1094 1455 1175; x_wconf 87' lang='lat' dir='ltr'><strong><em>articulapacem</em></strong></span> <span class='ocrx_word' id='word_1_70' title='bbox 1468 1104 1497 1160; x_wconf 88' lang='lat' dir='ltr'><strong><em>ct</em></strong></span> <span class='ocrx_word' id='word_1_71' title='bbox 1510 1098 1573 1160; x_wconf 90' lang='lat' dir='ltr'><strong><em>bel·</em></strong></span> 
     </span>
     <span class='ocr_line' id='line_1_8' title="bbox 357 1188 1577 1271; baseline 0.007 -21"><span class='ocrx_word' id='word_1_72' title='bbox 357 1191 419 1252; x_wconf 91' lang='lat' dir='ltr'><strong><em>lum</em></strong></span> <span class='ocrx_word' id='word_1_73' title='bbox 433 1198 464 1254; x_wconf 93' lang='lat' dir='ltr'><strong><em>in</em></strong></span> <span class='ocrx_word' id='word_1_74' title='bbox 476 1198 543 1254; x_wconf 84' lang='lat' dir='ltr'><strong><em>sinu</em></strong></span> <span class='ocrx_word' id='word_1_75' title='bbox 555 1195 669 1271; x_wconf 79' lang='lat' dir='ltr'><strong><em>pareret</em></strong></span> <span class='ocrx_word' id='word_1_76' title='bbox 676 1207 734 1270; x_wconf 86' lang='lat' dir='ltr'><strong><em>pra</em></strong></span> <span class='ocrx_word' id='word_1_77' title='bbox 743 1207 775 1251; x_wconf 89' lang='lat' dir='ltr'><strong><em>re</em></strong></span> <span class='ocrx_word' id='word_1_78' title='bbox 787 1191 870 1251; x_wconf 86' lang='lat' dir='ltr'><strong><em>nato.</em></strong></span> <span class='ocrx_word' id='word_1_79' title='bbox 884 1188 923 1250; x_wconf 89' lang='lat' dir='ltr'><strong><em>In</em></strong></span> <span class='ocrx_word' id='word_1_80' title='bbox 935 1192 1094 1251; x_wconf 73' lang='lat' dir='ltr'><strong><em>couneus·</em></strong></span> <span class='ocrx_word' id='word_1_81' title='bbox 1104 1208 1322 1270; x_wconf 74' lang='lat' dir='ltr'><strong><em>quomcouersus</em></strong></span> <span class='ocrx_word' id='word_1_82' title='bbox 1331 1197 1364 1253; x_wconf 93' lang='lat' dir='ltr'><strong><em>in</em></strong></span> <span class='ocrx_word' id='word_1_83' title='bbox 1374 1193 1502 1257; x_wconf 73' lang='lat' dir='ltr'><strong><em>(liticines</em></strong></span> <span class='ocrx_word' id='word_1_84' title='bbox 1514 1193 1577 1259; x_wconf 85' lang='lat' dir='ltr'><strong><em>bis·</em></strong></span> 
     </span>
     <span class='ocr_line' id='line_1_9' title="bbox 353 1279 1576 1363; baseline 0.003 -20"><span class='ocrx_word' id='word_1_85' title='bbox 353 1288 483 1361; x_wconf 85' lang='lat' dir='ltr'><strong><em>punicas</em></strong></span> <span class='ocrx_word' id='word_1_86' title='bbox 502 1289 666 1363; x_wconf 86' lang='lat' dir='ltr'><strong><em>pertinens,</em></strong></span> <span class='ocrx_word' id='word_1_87' title='bbox 679 1287 712 1343; x_wconf 85' lang='lat' dir='ltr'><strong><em>ln</em></strong></span> <span class='ocrx_word' id='word_1_88' title='bbox 725 1279 902 1358; x_wconf 84' lang='lat' dir='ltr'><strong><em>Hispaniam</em></strong></span> <span class='ocrx_word' id='word_1_89' title='bbox 921 1283 949 1337; x_wconf 94' lang='lat' dir='ltr'><strong><em>el</em></strong></span> <span class='ocrx_word' id='word_1_90' title='bbox 964 1280 1104 1356; x_wconf 76' lang='lat' dir='ltr'><strong><em>Belpiurn</em></strong></span> <span class='ocrx_word' id='word_1_91' title='bbox 1113 1300 1170 1360; x_wconf 86' lang='lat' dir='ltr'><strong><em>per</em></strong></span> <span class='ocrx_word' id='word_1_92' title='bbox 1191 1301 1262 1345; x_wconf 89' lang='lat' dir='ltr'><strong><em>suas</em></strong></span> <span class='ocrx_word' id='word_1_93' title='bbox 1276 1287 1382 1363; x_wconf 76' lang='lat' dir='ltr'><strong><em>turos,</em></strong></span> <span class='ocrx_word' id='word_1_94' title='bbox 1396 1288 1430 1345; x_wconf 90' lang='lat' dir='ltr'><strong><em>in</em></strong></span> <span class='ocrx_word' id='word_1_95' title='bbox 1450 1285 1576 1347; x_wconf 82' lang='lat' dir='ltr'><strong><em>Italiam</em></strong></span> 
     </span>
     <span class='ocr_line' id='line_1_10' title="bbox 353 1374 1578 1455; baseline 0.004 -18"><span class='ocrx_word' id='word_1_96' title='bbox 353 1380 497 1455; x_wconf 83' lang='lat' dir='ltr'><strong><em>proaimo</em></strong></span> <span class='ocrx_word' id='word_1_97' title='bbox 510 1384 589 1441; x_wconf 87' lang='lat' dir='ltr'><strong><em>mari</em></strong></span> <span class='ocrx_word' id='word_1_98' title='bbox 608 1384 636 1440; x_wconf 89' lang='lat' dir='ltr'><strong><em>et</em></strong></span> <span class='ocrx_word' id='word_1_99' title='bbox 650 1379 796 1438; x_wconf 87' lang='lat' dir='ltr'><strong><em>instructo</em></strong></span> <span class='ocrx_word' id='word_1_100' title='bbox 809 1374 904 1435; x_wconf 86' lang='lat' dir='ltr'><strong><em>classe</em></strong></span> <span class='ocrx_word' id='word_1_101' title='bbox 918 1415 927 1444; x_wconf 90' lang='lat'>,</span> <span class='ocrx_word' id='word_1_102' title='bbox 949 1379 1048 1436; x_wconf 88' lang='lat' dir='ltr'><strong><em>omnia</em></strong></span> <span class='ocrx_word' id='word_1_103' title='bbox 1076 1377 1210 1440; x_wconf 75' lang='lat' dir='ltr'><strong><em>omnibus</em></strong></span> <span class='ocrx_word' id='word_1_104' title='bbox 1223 1377 1428 1439; x_wconf 69' lang='lat' dir='ltr'><strong><em>mutabatur.</em></strong></span> <span class='ocrx_word' id='word_1_105' title='bbox 1445 1382 1578 1442; x_wconf 82' lang='lat' dir='ltr'><strong><em>Batauo·</em></strong></span> 
     </span>
     <span class='ocr_line' id='line_1_11' title="bbox 359 1470 1576 1556; baseline -0.002 -20"><span class='ocrx_word' id='word_1_106' title='bbox 359 1496 426 1538; x_wconf 85' lang='lat' dir='ltr'><strong><em>rum</em></strong></span> <span class='ocrx_word' id='word_1_107' title='bbox 443 1478 621 1556; x_wconf 77' lang='lat' dir='ltr'><strong><em>Respublica</em></strong></span> <span class='ocrx_word' id='word_1_108' title='bbox 635 1475 779 1536; x_wconf 86' lang='lat' dir='ltr'><strong><em>libertatis</em></strong></span> <span class='ocrx_word' id='word_1_109' title='bbox 790 1470 1068 1550; x_wconf 66' lang='lat' dir='ltr'><strong><em>peraccessimus</em></strong></span> <span class='ocrx_word' id='word_1_110' title='bbox 1080 1476 1107 1532; x_wconf 90' lang='lat' dir='ltr'><strong><em>el</em></strong></span> <span class='ocrx_word' id='word_1_111' title='bbox 1120 1477 1218 1533; x_wconf 77' lang='lat' dir='ltr'><strong><em>anaia</em></strong></span> <span class='ocrx_word' id='word_1_112' title='bbox 1230 1492 1267 1536; x_wconf 87' lang='lat' dir='ltr'><strong><em>ne</em></strong></span> <span class='ocrx_word' id='word_1_113' title='bbox 1281 1490 1357 1550; x_wconf 82' lang='lat' dir='ltr'><strong><em>quos</em></strong></span> <span class='ocrx_word' id='word_1_114' title='bbox 1366 1478 1397 1534; x_wconf 89' lang='lat' dir='ltr'><strong><em>ei</em></strong></span> <span class='ocrx_word' id='word_1_115' title='bbox 1409 1492 1479 1551; x_wconf 89' lang='lat' dir='ltr'><strong><em>opes</em></strong></span> <span class='ocrx_word' id='word_1_116' title='bbox 1494 1473 1576 1537; x_wconf 84' lang='lat' dir='ltr'><strong><em>Galli</em></strong></span> 
     </span>
     <span class='ocr_line' id='line_1_12' title="bbox 360 1561 1575 1645; baseline 0 -18"><span class='ocrx_word' id='word_1_117' title='bbox 360 1568 505 1645; x_wconf 83' lang='lat' dir='ltr'><strong><em>Hispanis</em></strong></span> <span class='ocrx_word' id='word_1_118' title='bbox 518 1565 623 1644; x_wconf 76' lang='lat' dir='ltr'><strong><em>infesti</em></strong></span> <span class='ocrx_word' id='word_1_119' title='bbox 636 1564 790 1642; x_wconf 82' lang='lat' dir='ltr'><strong><em>pararint,</em></strong></span> <span class='ocrx_word' id='word_1_120' title='bbox 804 1561 937 1638; x_wconf 81' lang='lat' dir='ltr'><strong><em>ejusaem</em></strong></span> <span class='ocrx_word' id='word_1_121' title='bbox 951 1566 1069 1639; x_wconf 79' lang='lat' dir='ltr'><strong><em>cepnali</em></strong></span> <span class='ocrx_word' id='word_1_122' title='bbox 1081 1565 1139 1624; x_wconf 83' lang='lat' dir='ltr'><strong><em>sini</em></strong></span> <span class='ocrx_word' id='word_1_123' title='bbox 1153 1568 1284 1626; x_wconf 86' lang='lat' dir='ltr'><strong><em>euersuri</em></strong></span> <span class='ocrx_word' id='word_1_124' title='bbox 1300 1563 1452 1643; x_wconf 80' lang='lat' dir='ltr'><strong><em>Belpium,</em></strong></span> <span class='ocrx_word' id='word_1_125' title='bbox 1467 1582 1507 1626; x_wconf 79' lang='lat' dir='ltr'><strong><em>ca</em></strong></span> <span class='ocrx_word' id='word_1_126' title='bbox 1524 1583 1575 1626; x_wconf 88' lang='lat' dir='ltr'><strong><em>cu-</em></strong></span> 
     </span>
     <span class='ocr_line' id='line_1_13' title="bbox 352 1657 1576 1746; baseline -0.005 -19"><span class='ocrx_word' id='word_1_127' title='bbox 352 1673 408 1746; x_wconf 78' lang='lat' dir='ltr'><strong><em>jus</em></strong></span> <span class='ocrx_word' id='word_1_128' title='bbox 415 1666 573 1742; x_wconf 85' lang='lat' dir='ltr'><strong><em>prouincia</em></strong></span> <span class='ocrx_word' id='word_1_129' title='bbox 583 1667 617 1722; x_wconf 92' lang='lat' dir='ltr'><strong><em>in</em></strong></span> <span class='ocrx_word' id='word_1_130' title='bbox 622 1662 773 1740; x_wconf 72' lang='lat' dir='ltr'><strong><em>fluertem</em></strong></span> <span class='ocrx_word' id='word_1_131' title='bbox 784 1657 1007 1734; x_wconf 82' lang='lat' dir='ltr'><strong><em>Rempubltcam</em></strong></span> <span class='ocrx_word' id='word_1_132' title='bbox 1016 1658 1224 1736; x_wconf 85' lang='lat' dir='ltr'><strong><em>abicr·c‚neque</em></strong></span> <span class='ocrx_word' id='word_1_133' title='bbox 1233 1661 1266 1721; x_wconf 88' lang='lat' dir='ltr'><strong><em>ul</em></strong></span> <span class='ocrx_word' id='word_1_134' title='bbox 1277 1661 1452 1721; x_wconf 87' lang='lat' dir='ltr'><strong><em>detrimento</em></strong></span> <span class='ocrx_word' id='word_1_135' title='bbox 1462 1662 1576 1738; x_wconf 86' lang='lat' dir='ltr'><strong><em>Hispa·</em></strong></span> 
     </span>
     <span class='ocr_line' id='line_1_14' title="bbox 359 1752 1570 1841; baseline -0.003 -21"><span class='ocrx_word' id='word_1_136' title='bbox 359 1765 420 1841; x_wconf 86' lang='lat' dir='ltr'><strong><em>nis,</em></strong></span> <span class='ocrx_word' id='word_1_137' title='bbox 434 1778 527 1840; x_wconf 83' lang='lat' dir='ltr'><strong><em>neque</em></strong></span> <span class='ocrx_word' id='word_1_138' title='bbox 539 1765 610 1820; x_wconf 89' lang='lat' dir='ltr'><strong><em>usui</em></strong></span> <span class='ocrx_word' id='word_1_139' title='bbox 622 1759 761 1832; x_wconf 79' lang='lat' dir='ltr'><strong><em>deinceps</em></strong></span> <span class='ocrx_word' id='word_1_140' title='bbox 774 1752 922 1830; x_wconf 67' lang='lat' dir='ltr'><strong><em>faurum,</em></strong></span> <span class='ocrx_word' id='word_1_141' title='bbox 936 1757 969 1812; x_wconf 90' lang='lat' dir='ltr'><strong><em>ut</em></strong></span> <span class='ocrx_word' id='word_1_142' title='bbox 980 1752 1053 1814; x_wconf 86' lang='lat' dir='ltr'><strong><em>illac</em></strong></span> <span class='ocrx_word' id='word_1_143' title='bbox 1065 1757 1097 1814; x_wconf 88' lang='lat' dir='ltr'><strong><em>in</em></strong></span> <span class='ocrx_word' id='word_1_144' title='bbox 1110 1755 1295 1816; x_wconf 60' lang='lat' dir='ltr'><strong><em>&amp;maniam</em></strong></span> <span class='ocrx_word' id='word_1_145' title='bbox 1302 1759 1451 1832; x_wconf 86' lang='lat' dir='ltr'><strong><em>pertinere</em></strong></span> <span class='ocrx_word' id='word_1_146' title='bbox 1465 1759 1508 1817; x_wconf 86' lang='lat' dir='ltr'><strong><em>ad</em></strong></span> <span class='ocrx_word' id='word_1_147' title='bbox 1521 1774 1570 1816; x_wconf 88' lang='lat' dir='ltr'><strong><em>su·</em></strong></span> 
     </span>
     <span class='ocr_line' id='line_1_15' title="bbox 358 1850 1575 1932; baseline -0.002 -16"><span class='ocrx_word' id='word_1_148' title='bbox 358 1857 531 1918; x_wconf 85' lang='lat' dir='ltr'><strong><em>stentanslus</em></strong></span> <span class='ocrx_word' id='word_1_149' title='bbox 544 1871 613 1932; x_wconf 90' lang='lat' dir='ltr'><strong><em>apes</em></strong></span> <span class='ocrx_word' id='word_1_150' title='bbox 628 1853 818 1930; x_wconf 85' lang='lat' dir='ltr'><strong><em>Imperatoris</em></strong></span> <span class='ocrx_word' id='word_1_151' title='bbox 838 1851 977 1928; x_wconf 85' lang='lat' dir='ltr'><strong><em>oporteat.</em></strong></span> <span class='ocrx_word' id='word_1_152' title='bbox 999 1850 1158 1912; x_wconf 80' lang='lat' dir='ltr'><strong><em>Gsulielmus</em></strong></span> <span class='ocrx_word' id='word_1_153' title='bbox 1171 1852 1295 1928; x_wconf 77' lang='lat' dir='ltr'><strong><em>Anulcae</em></strong></span> <span class='ocrx_word' id='word_1_154' title='bbox 1306 1870 1376 1912; x_wconf 81' lang='lat' dir='ltr'><strong><em>rea·</em></strong></span> <span class='ocrx_word' id='word_1_155' title='bbox 1386 1852 1575 1913; x_wconf 63' lang='lat' dir='ltr'><strong><em>clemacius</em></strong></span> 
     </span>
     <span class='ocr_line' id='line_1_16' title="bbox 358 1942 1571 2030; baseline -0.004 -17"><span class='ocrx_word' id='word_1_156' title='bbox 358 1959 392 2013; x_wconf 89' lang='lat' dir='ltr'><strong><em>in</em></strong></span> <span class='ocrx_word' id='word_1_157' title='bbox 405 1969 507 2030; x_wconf 77' lang='lat' dir='ltr'><strong><em>repub,</em></strong></span> <span class='ocrx_word' id='word_1_158' title='bbox 524 1951 604 2012; x_wconf 89' lang='lat' dir='ltr'><strong><em>dorui</em></strong></span> <span class='ocrx_word' id='word_1_159' title='bbox 617 1948 784 2025; x_wconf 65' lang='lat' dir='ltr'><strong><em>lubricant</em></strong></span> <span class='ocrx_word' id='word_1_160' title='bbox 798 1950 847 2006; x_wconf 89' lang='lat' dir='ltr'><strong><em>sui</em></strong></span> <span class='ocrx_word' id='word_1_161' title='bbox 860 1942 1020 2021; x_wconf 76' lang='lat' dir='ltr'><strong><em>fastidium</em></strong></span> <span class='ocrx_word' id='word_1_162' title='bbox 1027 1946 1131 2026; x_wconf 78' lang='lat' dir='ltr'><strong><em>Anplls</em></strong></span> <span class='ocrx_word' id='word_1_163' title='bbox 1142 1952 1261 2024; x_wconf 84' lang='lat' dir='ltr'><strong><em>pacatis</em></strong></span> <span class='ocrx_word' id='word_1_164' title='bbox 1275 1953 1398 2022; x_wconf 74' lang='lat' dir='ltr'><strong><em>comat,</em></strong></span> <span class='ocrx_word' id='word_1_165' title='bbox 1411 1966 1502 2027; x_wconf 80' lang='lat' dir='ltr'><strong><em>preme</em></strong></span> <span class='ocrx_word' id='word_1_166' title='bbox 1512 1948 1571 2010; x_wconf 92' lang='lat' dir='ltr'><strong><em>bel·</em></strong></span> 
     </span>
    </p>
   </div>
   <div class='ocr_carea' id='block_1_2' title="bbox 252 2034 1572 2120">
    <p class='ocr_par' dir='ltr' id='par_1_2' title="bbox 252 2034 1572 2120">
     <span class='ocr_line' id='line_1_17' title="bbox 252 2034 1572 2120; baseline -0.004 -16"><span class='ocrx_word' id='word_1_167' title='bbox 252 2034 254 2040; x_wconf 77' lang='grc'><strong>’</strong></span> <span class='ocrx_word' id='word_1_168' title='bbox 359 2044 457 2105; x_wconf 84' lang='lat' dir='ltr'><strong><em>buum</em></strong></span> <span class='ocrx_word' id='word_1_169' title='bbox 483 2044 687 2120; x_wconf 82' lang='lat' dir='ltr'><strong><em>arpumentum</em></strong></span> <span class='ocrx_word' id='word_1_170' title='bbox 708 2041 804 2114; x_wconf 80' lang='lat' dir='ltr'><strong><em>urpet,</em></strong></span> <span class='ocrx_word' id='word_1_171' title='bbox 817 2034 954 2115; x_wconf 69' lang='lat' dir='ltr'><strong><em>fovetque</em></strong></span> <span class='ocrx_word' id='word_1_172' title='bbox 969 2038 1150 2118; x_wconf 85' lang='lat' dir='ltr'><strong><em>Hispanicae</em></strong></span> <span class='ocrx_word' id='word_1_173' title='bbox 1172 2039 1363 2099; x_wconf 81' lang='lat' dir='ltr'><strong><em>monarcluioe</em></strong></span> <span class='ocrx_word' id='word_1_174' title='bbox 1383 2041 1572 2101; x_wconf 80' lang='lat' dir='ltr'><strong><em>divisionum.</em></strong></span> 
     </span>
    </p>
   </div>
   <div class='ocr_carea' id='block_1_3' title="bbox 357 2131 1579 2770">
    <p class='ocr_par' dir='ltr' id='par_1_3' title="bbox 357 2131 1579 2770">
     <span class='ocr_line' id='line_1_18' title="bbox 360 2131 1575 2213; baseline -0.002 -13"><span class='ocrx_word' id='word_1_175' title='bbox 360 2139 510 2200; x_wconf 87' lang='lat' dir='ltr'><strong><em>Ilornanus</em></strong></span> <span class='ocrx_word' id='word_1_176' title='bbox 526 2132 683 2212; x_wconf 75' lang='lat' dir='ltr'><strong><em>Pontifex,</em></strong></span> <span class='ocrx_word' id='word_1_177' title='bbox 695 2133 819 2196; x_wconf 81' lang='lat' dir='ltr'><strong><em>Italicae</em></strong></span> <span class='ocrx_word' id='word_1_178' title='bbox 834 2131 1026 2210; x_wconf 84' lang='lat' dir='ltr'><strong><em>Reipublicae</em></strong></span> <span class='ocrx_word' id='word_1_179' title='bbox 1036 2151 1072 2193; x_wconf 88' lang='lat' dir='ltr'><strong><em>ac</em></strong></span> <span class='ocrx_word' id='word_1_180' title='bbox 1085 2135 1205 2213; x_wconf 72' lang='lat' dir='ltr'><strong><em>Populi,</em></strong></span> <span class='ocrx_word' id='word_1_181' title='bbox 1220 2139 1314 2212; x_wconf 84' lang='lat' dir='ltr'><strong><em>mapis</em></strong></span> <span class='ocrx_word' id='word_1_182' title='bbox 1326 2136 1464 2211; x_wconf 76' lang='lat' dir='ltr'><strong><em>fortunae</em></strong></span> <span class='ocrx_word' id='word_1_183' title='bbox 1478 2134 1575 2197; x_wconf 88' lang='lat' dir='ltr'><strong><em>breuis</em></strong></span> 
     </span>
     <span class='ocr_line' id='line_1_19' title="bbox 359 2224 1577 2304; baseline 0.001 -16"><span class='ocrx_word' id='word_1_184' title='bbox 359 2247 394 2288; x_wconf 90' lang='lat' dir='ltr'><strong><em>ae</em></strong></span> <span class='ocrx_word' id='word_1_185' title='bbox 416 2225 541 2304; x_wconf 75' lang='lat' dir='ltr'><strong><em>futurae</em></strong></span> <span class='ocrx_word' id='word_1_186' title='bbox 555 2224 714 2301; x_wconf 80' lang='lat' dir='ltr'><strong><em>desiderio,</em></strong></span> <span class='ocrx_word' id='word_1_187' title='bbox 728 2239 817 2302; x_wconf 88' lang='lat' dir='ltr'><strong><em>quom</em></strong></span> <span class='ocrx_word' id='word_1_188' title='bbox 826 2227 994 2300; x_wconf 83' lang='lat' dir='ltr'><strong><em>praesentis</em></strong></span> <span class='ocrx_word' id='word_1_189' title='bbox 1008 2224 1156 2304; x_wconf 87' lang='lat' dir='ltr'><strong><em>uoluptate</em></strong></span> <span class='ocrx_word' id='word_1_190' title='bbox 1168 2229 1269 2285; x_wconf 84' lang='lat' dir='ltr'><strong><em>teneri.</em></strong></span> <span class='ocrx_word' id='word_1_191' title='bbox 1286 2228 1349 2289; x_wconf 89' lang='lat' dir='ltr'><strong><em>Nec</em></strong></span> <span class='ocrx_word' id='word_1_192' title='bbox 1371 2244 1440 2289; x_wconf 86' lang='lat' dir='ltr'><strong><em>vero</em></strong></span> <span class='ocrx_word' id='word_1_193' title='bbox 1452 2225 1577 2289; x_wconf 85' lang='lat' dir='ltr'><strong><em>Lusita·</em></strong></span> 
     </span>
     <span class='ocr_line' id='line_1_20' title="bbox 357 2315 1575 2401; baseline -0.002 -17"><span class='ocrx_word' id='word_1_194' title='bbox 357 2328 426 2383; x_wconf 84' lang='lat' dir='ltr'><strong><em>ntae</em></strong></span> <span class='ocrx_word' id='word_1_195' title='bbox 440 2322 509 2384; x_wconf 80' lang='lat' dir='ltr'><strong><em>uec</em></strong></span> <span class='ocrx_word' id='word_1_196' title='bbox 528 2322 566 2381; x_wconf 90' lang='lat' dir='ltr'><strong><em>ab</em></strong></span> <span class='ocrx_word' id='word_1_197' title='bbox 579 2321 685 2381; x_wconf 88' lang='lat' dir='ltr'><strong><em>ultima</em></strong></span> <span class='ocrx_word' id='word_1_198' title='bbox 702 2320 817 2380; x_wconf 90' lang='lat' dir='ltr'><strong><em>Oceano</em></strong></span> <span class='ocrx_word' id='word_1_199' title='bbox 841 2315 896 2377; x_wconf 86' lang='lat' dir='ltr'><strong><em>bas</em></strong></span> <span class='ocrx_word' id='word_1_200' title='bbox 909 2317 1045 2394; x_wconf 81' lang='lat' dir='ltr'><strong><em>Europen</em></strong></span> <span class='ocrx_word' id='word_1_201' title='bbox 1069 2323 1246 2397; x_wconf 68' lang='lat' dir='ltr'><strong><em>aquationes</em></strong></span> <span class='ocrx_word' id='word_1_202' title='bbox 1269 2325 1296 2380; x_wconf 90' lang='lat' dir='ltr'><strong><em>et</em></strong></span> <span class='ocrx_word' id='word_1_203' title='bbox 1317 2324 1425 2401; x_wconf 71' lang='lat' dir='ltr'><strong><em>fluctum</em></strong></span> <span class='ocrx_word' id='word_1_204' title='bbox 1439 2325 1575 2400; x_wconf 87' lang='lat' dir='ltr'><strong><em>spectare</em></strong></span> 
     </span>
     <span class='ocr_line' id='line_1_21' title="bbox 360 2410 1577 2497; baseline 0.003 -21"><span class='ocrx_word' id='word_1_205' title='bbox 360 2421 450 2479; x_wconf 89' lang='lat' dir='ltr'><strong><em>tulus.</em></strong></span> <span class='ocrx_word' id='word_1_206' title='bbox 465 2417 527 2476; x_wconf 87' lang='lat' dir='ltr'><strong><em>Hoc</em></strong></span> <span class='ocrx_word' id='word_1_207' title='bbox 540 2432 640 2476; x_wconf 87' lang='lat' dir='ltr'><strong><em>rarum</em></strong></span> <span class='ocrx_word' id='word_1_208' title='bbox 653 2418 731 2476; x_wconf 88' lang='lat' dir='ltr'><strong><em>statu</em></strong></span> <span class='ocrx_word' id='word_1_209' title='bbox 743 2410 912 2472; x_wconf 80' lang='lat' dir='ltr'><strong><em>Ludociucs</em></strong></span> <span class='ocrx_word' id='word_1_210' title='bbox 926 2412 1064 2473; x_wconf 82' lang='lat' dir='ltr'><strong><em>Laeereto</em></strong></span> <span class='ocrx_word' id='word_1_211' title='bbox 1078 2415 1144 2473; x_wconf 82' lang='lat' dir='ltr'><strong><em>dua</em></strong></span> <span class='ocrx_word' id='word_1_212' title='bbox 1157 2413 1438 2479; x_wconf 86' lang='lat' dir='ltr'><strong><em>Coelimetinensium</em></strong></span> <span class='ocrx_word' id='word_1_213' title='bbox 1453 2433 1577 2497; x_wconf 81' lang='lat' dir='ltr'><strong><em>repnum</em></strong></span> 
     </span>
     <span class='ocr_line' id='line_1_22' title="bbox 360 2502 1577 2589; baseline 0.002 -19"><span class='ocrx_word' id='word_1_214' title='bbox 360 2510 585 2588; x_wconf 88' lang='lat' dir='ltr'><strong><em>neapolitanum</em></strong></span> <span class='ocrx_word' id='word_1_215' title='bbox 593 2524 654 2586; x_wconf 89' lang='lat' dir='ltr'><strong><em>pro</em></strong></span> <span class='ocrx_word' id='word_1_216' title='bbox 669 2506 744 2583; x_wconf 84' lang='lat' dir='ltr'><strong><em>Repe</em></strong></span> <span class='ocrx_word' id='word_1_217' title='bbox 757 2503 916 2583; x_wconf 84' lang='lat' dir='ltr'><strong><em>obtinebat,</em></strong></span> <span class='ocrx_word' id='word_1_218' title='bbox 930 2502 1064 2579; x_wconf 71' lang='lat' dir='ltr'><strong><em>infinitae</em></strong></span> <span class='ocrx_word' id='word_1_219' title='bbox 1081 2507 1233 2566; x_wconf 65' lang='lat' dir='ltr'><strong><em>{recessum</em></strong></span> <span class='ocrx_word' id='word_1_220' title='bbox 1246 2515 1334 2586; x_wconf 73' lang='lat' dir='ltr'><strong><em>requi</em></strong></span> <span class='ocrx_word' id='word_1_221' title='bbox 1340 2515 1492 2588; x_wconf 82' lang='lat' dir='ltr'><strong><em>potentiae</em></strong></span> <span class='ocrx_word' id='word_1_222' title='bbox 1500 2529 1577 2589; x_wconf 85' lang='lat' dir='ltr'><strong><em>pene</em></strong></span> 
     </span>
     <span class='ocr_line' id='line_1_23' title="bbox 362 2593 1579 2676; baseline 0.002 -17"><span class='ocrx_word' id='word_1_223' title='bbox 362 2604 520 2676; x_wconf 69' lang='lat' dir='ltr'><strong><em>sannaus,</em></strong></span> <span class='ocrx_word' id='word_1_224' title='bbox 534 2600 630 2660; x_wconf 79' lang='lat' dir='ltr'><strong><em>durum</em></strong></span> <span class='ocrx_word' id='word_1_225' title='bbox 643 2593 832 2673; x_wconf 80' lang='lat' dir='ltr'><strong><em>uectipalium</em></strong></span> <span class='ocrx_word' id='word_1_226' title='bbox 845 2597 979 2670; x_wconf 72' lang='lat' dir='ltr'><strong><em>cautor,</em></strong></span> <span class='ocrx_word' id='word_1_227' title='bbox 992 2612 1059 2655; x_wconf 89' lang='lat' dir='ltr'><strong><em>acer</em></strong></span> <span class='ocrx_word' id='word_1_228' title='bbox 1072 2599 1231 2656; x_wconf 87' lang='lat' dir='ltr'><strong><em>crineinum</em></strong></span> <span class='ocrx_word' id='word_1_229' title='bbox 1244 2600 1368 2659; x_wconf 71' lang='lat' dir='ltr'><strong><em>uindex.</em></strong></span> <span class='ocrx_word' id='word_1_230' title='bbox 1385 2599 1429 2660; x_wconf 82' lang='lat' dir='ltr'><strong><em>Ab</em></strong></span> <span class='ocrx_word' id='word_1_231' title='bbox 1442 2618 1477 2663; x_wconf 88' lang='lat' dir='ltr'><strong><em>eo</em></strong></span> <span class='ocrx_word' id='word_1_232' title='bbox 1490 2599 1579 2662; x_wconf 79' lang='lat' dir='ltr'><strong><em>lusc-</em></strong></span> 
     </span>
     <span class='ocr_line' id='line_1_24' title="bbox 358 2685 1579 2770; baseline 0.002 -21"><span class='ocrx_word' id='word_1_233' title='bbox 358 2688 441 2769; x_wconf 87' lang='lat' dir='ltr'><strong><em>pbus</em></strong></span> <span class='ocrx_word' id='word_1_234' title='bbox 454 2691 624 2751; x_wconf 76' lang='lat' dir='ltr'><strong><em>Meliboeus</em></strong></span> <span class='ocrx_word' id='word_1_235' title='bbox 650 2686 906 2747; x_wconf 84' lang='lat' dir='ltr'><strong><em>Octaoinnenslum</em></strong></span> <span class='ocrx_word' id='word_1_236' title='bbox 920 2688 1077 2762; x_wconf 78' lang='lat' dir='ltr'><strong><em>peinceps,</em></strong></span> <span class='ocrx_word' id='word_1_237' title='bbox 1090 2685 1158 2747; x_wconf 86' lang='lat' dir='ltr'><strong><em>urbi</em></strong></span> <span class='ocrx_word' id='word_1_238' title='bbox 1165 2686 1358 2765; x_wconf 82' lang='lat' dir='ltr'><strong><em>praefectus:</em></strong></span> <span class='ocrx_word' id='word_1_239' title='bbox 1369 2690 1423 2751; x_wconf 88' lang='lat' dir='ltr'><strong><em>sub</em></strong></span> <span class='ocrx_word' id='word_1_240' title='bbox 1436 2708 1498 2769; x_wconf 84' lang='lat' dir='ltr'><strong><em>quo</em></strong></span> <span class='ocrx_word' id='word_1_241' title='bbox 1510 2710 1579 2770; x_wconf 81' lang='lat' dir='ltr'><strong><em>spes</em></strong></span> 
     </span>
    </p>
   </div>
   <div class='ocr_carea' id='block_1_4' title="bbox 265 2773 1579 2858">
    <p class='ocr_par' dir='ltr' id='par_1_4' title="bbox 265 2773 1579 2858">
     <span class='ocr_line' id='line_1_25' title="bbox 265 2773 1579 2858; baseline 0.003 -16"><span class='ocrx_word' id='word_1_242' title='bbox 265 2788 268 2793; x_wconf 83' lang='lat'>&#39;</span> <span class='ocrx_word' id='word_1_243' title='bbox 360 2783 525 2845; x_wconf 76' lang='lat' dir='ltr'><strong><em>redimendi</em></strong></span> <span class='ocrx_word' id='word_1_244' title='bbox 536 2776 776 2854; x_wconf 71' lang='lat' dir='ltr'><strong><em>cammenata,</em></strong></span> <span class='ocrx_word' id='word_1_245' title='bbox 787 2773 907 2838; x_wconf 81' lang='lat' dir='ltr'><strong><em>celandi</em></strong></span> <span class='ocrx_word' id='word_1_246' title='bbox 918 2777 1021 2837; x_wconf 84' lang='lat' dir='ltr'><strong><em>delicti</em></strong></span> <span class='ocrx_word' id='word_1_247' title='bbox 1034 2780 1150 2850; x_wconf 84' lang='lat' dir='ltr'><strong><em>ardua,-</em></strong></span> <span class='ocrx_word' id='word_1_248' title='bbox 1164 2776 1276 2858; x_wconf 80' lang='lat' dir='ltr'><strong><em>fasces,</em></strong></span> <span class='ocrx_word' id='word_1_249' title='bbox 1287 2786 1399 2857; x_wconf 77' lang='lat' dir='ltr'><strong><em>uirque,</em></strong></span> <span class='ocrx_word' id='word_1_250' title='bbox 1417 2799 1534 2844; x_wconf 75' lang='lat' dir='ltr'><strong><em>aceneres</em></strong></span> <span class='ocrx_word' id='word_1_251' title='bbox 1544 2788 1579 2846; x_wconf 92' lang='lat' dir='ltr'><strong><em>in</em></strong></span> 
     </span>
    </p>
   </div>
   <div class='ocr_carea' id='block_1_5' title="bbox 307 2866 1584 4745">
    <p class='ocr_par' dir='ltr' id='par_1_5' title="bbox 307 2866 1579 3688">
     <span class='ocr_line' id='line_1_26' title="bbox 360 2866 1574 2954; baseline 0.001 -19"><span class='ocrx_word' id='word_1_252' title='bbox 360 2876 528 2954; x_wconf 84' lang='lat' dir='ltr'><strong><em>majestatis</em></strong></span> <span class='ocrx_word' id='word_1_253' title='bbox 541 2871 712 2951; x_wconf 70' lang='lat' dir='ltr'><strong><em>caltaionem</em></strong></span> <span class='ocrx_word' id='word_1_254' title='bbox 724 2866 952 2931; x_wconf 63' lang='lat' dir='ltr'><strong><em>ostentabantur.</em></strong></span> <span class='ocrx_word' id='word_1_255' title='bbox 969 2867 1035 2948; x_wconf 89' lang='lat' dir='ltr'><strong><em>Ipsi</em></strong></span> <span class='ocrx_word' id='word_1_256' title='bbox 1049 2872 1174 2948; x_wconf 81' lang='lat' dir='ltr'><strong><em>Prorepi</em></strong></span> <span class='ocrx_word' id='word_1_257' title='bbox 1184 2874 1237 2948; x_wconf 84' lang='lat' dir='ltr'><strong><em>qui</em></strong></span> <span class='ocrx_word' id='word_1_258' title='bbox 1254 2877 1347 2947; x_wconf 88' lang='lat' dir='ltr'><strong><em>pauci</em></strong></span> <span class='ocrx_word' id='word_1_259' title='bbox 1363 2874 1574 2950; x_wconf 73' lang='lat' dir='ltr'><strong><em>prudentiores</em></strong></span> 
     </span>
     <span class='ocr_line' id='line_1_27' title="bbox 360 2966 1576 3046; baseline 0.002 -16"><span class='ocrx_word' id='word_1_260' title='bbox 360 2984 459 3031; x_wconf 85' lang='lat' dir='ltr'><strong><em>rerum</em></strong></span> <span class='ocrx_word' id='word_1_261' title='bbox 467 2971 570 3046; x_wconf 57' lang='lat' dir='ltr'><strong><em>visbii</em></strong></span> <span class='ocrx_word' id='word_1_262' title='bbox 580 2971 696 3045; x_wconf 78' lang='lat' dir='ltr'><strong><em>intinei3</em></strong></span> <span class='ocrx_word' id='word_1_263' title='bbox 710 2966 801 3025; x_wconf 83' lang='lat' dir='ltr'><strong><em>ceteri</em></strong></span> <span class='ocrx_word' id='word_1_264' title='bbox 812 2970 935 3041; x_wconf 85' lang='lat' dir='ltr'><strong><em>specs&#39;em</em></strong></span> <span class='ocrx_word' id='word_1_265' title='bbox 944 2970 1041 3044; x_wconf 82' lang='lat' dir='ltr'><strong><em>mapis</em></strong></span> <span class='ocrx_word' id='word_1_266' title='bbox 1050 2971 1175 3045; x_wconf 78' lang='lat' dir='ltr'><strong><em>qratiae,</em></strong></span> <span class='ocrx_word' id='word_1_267' title='bbox 1185 2981 1275 3044; x_wconf 82' lang='lat' dir='ltr'><strong><em>quom</em></strong></span> <span class='ocrx_word' id='word_1_268' title='bbox 1287 2973 1346 3029; x_wconf 89' lang='lat' dir='ltr'><strong><em>uim</em></strong></span> <span class='ocrx_word' id='word_1_269' title='bbox 1356 2967 1501 3029; x_wconf 79' lang='lat' dir='ltr'><strong><em>lucebant.</em></strong></span> <span class='ocrx_word' id='word_1_270' title='bbox 1514 2968 1576 3032; x_wconf 81' lang='lat' dir='ltr'><strong><em>Aru·</em></strong></span> 
     </span>
     <span class='ocr_line' id='line_1_28' title="bbox 361 3057 1578 3144; baseline -0.002 -16"><span class='ocrx_word' id='word_1_271' title='bbox 361 3085 441 3130; x_wconf 87' lang='lat' dir='ltr'><strong><em>nona</em></strong></span> <span class='ocrx_word' id='word_1_272' title='bbox 454 3074 486 3130; x_wconf 92' lang='lat' dir='ltr'><strong><em>ut</em></strong></span> <span class='ocrx_word' id='word_1_273' title='bbox 498 3084 560 3128; x_wconf 85' lang='lat' dir='ltr'><strong><em>nnn</em></strong></span> <span class='ocrx_word' id='word_1_274' title='bbox 572 3069 696 3142; x_wconf 78' lang='lat' dir='ltr'><strong><em>uenata,</em></strong></span> <span class='ocrx_word' id='word_1_275' title='bbox 706 3066 751 3123; x_wconf 88' lang='lat' dir='ltr'><strong><em>ita</em></strong></span> <span class='ocrx_word' id='word_1_276' title='bbox 760 3080 813 3126; x_wconf 85' lang='lat' dir='ltr'><strong><em>nec</em></strong></span> <span class='ocrx_word' id='word_1_277' title='bbox 827 3057 951 3136; x_wconf 66' lang='lat' dir='ltr'><strong><em>abluens</em></strong></span> <span class='ocrx_word' id='word_1_278' title='bbox 958 3087 971 3138; x_wconf 91' lang='lat'><strong><em>,·</em></strong></span> <span class='ocrx_word' id='word_1_279' title='bbox 987 3063 1075 3143; x_wconf 84' lang='lat' dir='ltr'><strong><em>idque</em></strong></span> <span class='ocrx_word' id='word_1_280' title='bbox 1088 3067 1289 3140; x_wconf 76' lang='lat' dir='ltr'><strong><em>musciculis,</em></strong></span> <span class='ocrx_word' id='word_1_281' title='bbox 1298 3064 1401 3141; x_wconf 88' lang='lat' dir='ltr'><strong><em>plures</em></strong></span> <span class='ocrx_word' id='word_1_282' title='bbox 1413 3083 1508 3128; x_wconf 87' lang='lat' dir='ltr'><strong><em>annos</em></strong></span> <span class='ocrx_word' id='word_1_283' title='bbox 1519 3083 1578 3144; x_wconf 88' lang='lat' dir='ltr'><strong><em>pa·</em></strong></span> 
     </span>
     <span class='ocr_line' id='line_1_29' title="bbox 307 3157 1578 3243; baseline -0.001 -19"><span class='ocrx_word' id='word_1_284' title='bbox 307 3200 309 3205; x_wconf 83' lang='lat'><em>.</em></span> <span class='ocrx_word' id='word_1_285' title='bbox 363 3176 432 3225; x_wconf 80' lang='lat' dir='ltr'><strong><em>rum</em></strong></span> <span class='ocrx_word' id='word_1_286' title='bbox 444 3162 551 3243; x_wconf 85' lang='lat' dir='ltr'><strong><em>laetae,</em></strong></span> <span class='ocrx_word' id='word_1_287' title='bbox 560 3161 691 3240; x_wconf 85' lang='lat' dir='ltr'><strong><em>plurimi</em></strong></span> <span class='ocrx_word' id='word_1_288' title='bbox 707 3157 829 3219; x_wconf 74' lang='lat' dir='ltr'><strong><em>mama</em></strong></span> <span class='ocrx_word' id='word_1_289' title='bbox 845 3159 884 3220; x_wconf 92' lang='lat' dir='ltr'><strong><em>In</em></strong></span> <span class='ocrx_word' id='word_1_290' title='bbox 898 3177 997 3239; x_wconf 76' lang='lat' dir='ltr'><strong><em>repub,</em></strong></span> <span class='ocrx_word' id='word_1_291' title='bbox 1011 3158 1104 3220; x_wconf 87' lang='lat' dir='ltr'><strong><em>alieni</em></strong></span> <span class='ocrx_word' id='word_1_292' title='bbox 1120 3162 1238 3237; x_wconf 87' lang='lat' dir='ltr'><strong><em>imperii</em></strong></span> <span class='ocrx_word' id='word_1_293' title='bbox 1251 3159 1526 3237; x_wconf 62' lang='lat' dir='ltr'><strong><em>accessissemus</em></strong></span> <span class='ocrx_word' id='word_1_294' title='bbox 1540 3163 1578 3223; x_wconf 82' lang='lat' dir='ltr'><strong><em>sle</em></strong></span> 
     </span>
     <span class='ocr_line' id='line_1_30' title="bbox 319 3249 1579 3334; baseline 0 -20"><span class='ocrx_word' id='word_1_295' title='bbox 319 3311 320 3314; x_wconf 74' lang='grc'>,</span> <span class='ocrx_word' id='word_1_296' title='bbox 361 3271 474 3320; x_wconf 75' lang='lat' dir='ltr'><strong><em>mmmm</em></strong></span> <span class='ocrx_word' id='word_1_297' title='bbox 486 3272 586 3317; x_wconf 89' lang='lat' dir='ltr'><strong><em>rerum</em></strong></span> <span class='ocrx_word' id='word_1_298' title='bbox 595 3255 753 3323; x_wconf 74' lang='lat' dir='ltr'><strong><em>maietass</em></strong></span> <span class='ocrx_word' id='word_1_299' title='bbox 767 3256 795 3315; x_wconf 91' lang='lat' dir='ltr'><strong><em>et</em></strong></span> <span class='ocrx_word' id='word_1_300' title='bbox 804 3258 881 3314; x_wconf 86' lang='lat' dir='ltr'><strong><em>inter</em></strong></span> <span class='ocrx_word' id='word_1_301' title='bbox 894 3258 1020 3334; x_wconf 78' lang='lat' dir='ltr'><strong><em>amiqua</em></strong></span> <span class='ocrx_word' id='word_1_302' title='bbox 1026 3258 1111 3331; x_wconf 86' lang='lat' dir='ltr'><strong><em>pacis</em></strong></span> <span class='ocrx_word' id='word_1_303' title='bbox 1125 3258 1191 3313; x_wconf 87' lang='lat' dir='ltr'><strong><em>ocia</em></strong></span> <span class='ocrx_word' id='word_1_304' title='bbox 1203 3249 1283 3314; x_wconf 78' lang='lat' dir='ltr'><strong><em>scibit</em></strong></span> <span class='ocrx_word' id='word_1_305' title='bbox 1296 3257 1410 3314; x_wconf 80' lang='lat' dir='ltr'><strong><em>irelerslo</em></strong></span> <span class='ocrx_word' id='word_1_306' title='bbox 1422 3255 1476 3315; x_wconf 76' lang='lat' dir='ltr'><strong><em>scel</em></strong></span> <span class='ocrx_word' id='word_1_307' title='bbox 1488 3253 1579 3314; x_wconf 80' lang='lat' dir='ltr'><strong><em>unii·</em></strong></span> 
     </span>
     <span class='ocr_line' id='line_1_31' title="bbox 362 3347 1578 3433; baseline -0.002 -20"><span class='ocrx_word' id='word_1_308' title='bbox 362 3371 420 3433; x_wconf 83' lang='lat' dir='ltr'><strong><em>pne</em></strong></span> <span class='ocrx_word' id='word_1_309' title='bbox 439 3352 620 3413; x_wconf 78' lang='lat' dir='ltr'><strong><em>incustodita</em></strong></span> <span class='ocrx_word' id='word_1_310' title='bbox 632 3352 786 3412; x_wconf 83' lang='lat' dir='ltr'><strong><em>securitas.</em></strong></span> <span class='ocrx_word' id='word_1_311' title='bbox 803 3351 842 3411; x_wconf 90' lang='lat' dir='ltr'><strong><em>In</em></strong></span> <span class='ocrx_word' id='word_1_312' title='bbox 855 3349 927 3413; x_wconf 85' lang='lat' dir='ltr'><strong><em>urbe</em></strong></span> <span class='ocrx_word' id='word_1_313' title='bbox 947 3367 1017 3411; x_wconf 88' lang='lat' dir='ltr'><strong><em>uero</em></strong></span> <span class='ocrx_word' id='word_1_314' title='bbox 1027 3349 1113 3427; x_wconf 85' lang='lat' dir='ltr'><strong><em>plebs</em></strong></span> <span class='ocrx_word' id='word_1_315' title='bbox 1127 3348 1165 3410; x_wconf 82' lang='lat' dir='ltr'><strong><em>dc</em></strong></span> <span class='ocrx_word' id='word_1_316' title='bbox 1178 3363 1258 3411; x_wconf 85' lang='lat' dir='ltr'><strong><em>mora</em></strong></span> <span class='ocrx_word' id='word_1_317' title='bbox 1272 3349 1361 3422; x_wconf 84' lang='lat' dir='ltr'><strong><em>leuis,</em></strong></span> <span class='ocrx_word' id='word_1_318' title='bbox 1375 3347 1502 3411; x_wconf 80' lang='lat' dir='ltr'><strong><em>indoles.</em></strong></span> <span class='ocrx_word' id='word_1_319' title='bbox 1515 3364 1578 3410; x_wconf 60' lang='lat' dir='ltr'><strong><em>me</em></strong></span> 
     </span>
     <span class='ocr_line' id='line_1_32' title="bbox 362 3443 1579 3524; baseline -0.002 -16"><span class='ocrx_word' id='word_1_320' title='bbox 362 3449 511 3508; x_wconf 76' lang='lat' dir='ltr'><strong><em>sticarium</em></strong></span> <span class='ocrx_word' id='word_1_321' title='bbox 523 3445 678 3507; x_wconf 82' lang='lat' dir='ltr'><strong><em>inturbida</em></strong></span> <span class='ocrx_word' id='word_1_322' title='bbox 688 3447 715 3504; x_wconf 87' lang='lat' dir='ltr'><strong><em>el</em></strong></span> <span class='ocrx_word' id='word_1_323' title='bbox 730 3461 832 3508; x_wconf 84' lang='lat' dir='ltr'><strong><em>amens</em></strong></span> <span class='ocrx_word' id='word_1_324' title='bbox 845 3450 907 3524; x_wconf 82' lang='lat' dir='ltr'><strong><em>otii,</em></strong></span> <span class='ocrx_word' id='word_1_325' title='bbox 918 3444 1083 3506; x_wconf 70' lang='lat' dir='ltr'><strong><em>nobilitatis</em></strong></span> <span class='ocrx_word' id='word_1_326' title='bbox 1103 3451 1135 3506; x_wconf 88' lang='lat' dir='ltr'><strong><em>in</em></strong></span> <span class='ocrx_word' id='word_1_327' title='bbox 1144 3446 1259 3524; x_wconf 78' lang='lat' dir='ltr'><strong><em>plebem</em></strong></span> <span class='ocrx_word' id='word_1_328' title='bbox 1271 3445 1381 3522; x_wconf 71' lang='lat' dir='ltr'><strong><em>fastus,</em></strong></span> <span class='ocrx_word' id='word_1_329' title='bbox 1395 3448 1429 3504; x_wconf 91' lang='lat' dir='ltr'><strong><em>in</em></strong></span> <span class='ocrx_word' id='word_1_330' title='bbox 1441 3443 1579 3518; x_wconf 75' lang='lat' dir='ltr'><strong><em>[menses</em></strong></span> 
     </span>
     <span class='ocr_line' id='line_1_33' title="bbox 361 3535 1579 3619; baseline -0.002 -21"><span class='ocrx_word' id='word_1_331' title='bbox 361 3554 466 3619; x_wconf 87' lang='lat' dir='ltr'><strong><em>operas</em></strong></span> <span class='ocrx_word' id='word_1_332' title='bbox 479 3536 589 3612; x_wconf 79' lang='lat' dir='ltr'><strong><em>odmen,</em></strong></span> <span class='ocrx_word' id='word_1_333' title='bbox 602 3540 680 3597; x_wconf 86' lang='lat' dir='ltr'><strong><em>inter</em></strong></span> <span class='ocrx_word' id='word_1_334' title='bbox 692 3540 771 3612; x_wconf 75' lang='lat' dir='ltr'><strong><em>ipsu</em></strong></span> <span class='ocrx_word' id='word_1_335' title='bbox 794 3539 924 3600; x_wconf 84' lang='lat' dir='ltr'><strong><em>inuidia.</em></strong></span> <span class='ocrx_word' id='word_1_336' title='bbox 942 3535 1008 3599; x_wconf 87' lang='lat' dir='ltr'><strong><em>Mas</em></strong></span> <span class='ocrx_word' id='word_1_337' title='bbox 1028 3542 1124 3614; x_wconf 80' lang='lat' dir='ltr'><strong><em>penlis</em></strong></span> <span class='ocrx_word' id='word_1_338' title='bbox 1147 3580 1156 3609; x_wconf 88' lang='lat'><strong>,</strong></span> <span class='ocrx_word' id='word_1_339' title='bbox 1175 3555 1253 3599; x_wconf 82' lang='lat' dir='ltr'><strong><em>cona</em></strong></span> <span class='ocrx_word' id='word_1_340' title='bbox 1279 3540 1410 3617; x_wconf 81' lang='lat' dir='ltr'><strong><em>inpenlis</em></strong></span> <span class='ocrx_word' id='word_1_341' title='bbox 1423 3539 1468 3596; x_wconf 85' lang='lat' dir='ltr'><strong><em>rei</em></strong></span> <span class='ocrx_word' id='word_1_342' title='bbox 1481 3538 1579 3595; x_wconf 84' lang='lat' dir='ltr'><strong><em>osten·</em></strong></span> 
     </span>
     <span class='ocr_line' id='line_1_34' title="bbox 362 3621 995 3688; baseline 0.006 -4"><span class='ocrx_word' id='word_1_343' title='bbox 362 3628 438 3685; x_wconf 87' lang='lat' dir='ltr'><strong><em>tatio</em></strong></span> <span class='ocrx_word' id='word_1_344' title='bbox 450 3629 479 3685; x_wconf 86' lang='lat' dir='ltr'><strong><em>et</em></strong></span> <span class='ocrx_word' id='word_1_345' title='bbox 491 3629 553 3685; x_wconf 86' lang='lat' dir='ltr'><strong><em>tum</em></strong></span> <span class='ocrx_word' id='word_1_346' title='bbox 565 3628 697 3685; x_wconf 74' lang='lat' dir='ltr'><strong><em>manime</em></strong></span> <span class='ocrx_word' id='word_1_347' title='bbox 713 3621 805 3687; x_wconf 76' lang='lat' dir='ltr'><strong><em>luxus</em></strong></span> <span class='ocrx_word' id='word_1_348' title='bbox 817 3627 995 3688; x_wconf 77' lang='lat' dir='ltr'><strong><em>incendium.</em></strong></span> 
     </span>
    </p>

    <p class='ocr_par' dir='ltr' id='par_1_6' title="bbox 358 3711 1584 4745">
     <span class='ocr_line' id='line_1_35' title="bbox 407 3711 1579 3796; baseline -0.001 -20"><span class='ocrx_word' id='word_1_349' title='bbox 407 3717 475 3777; x_wconf 86' lang='lat' dir='ltr'><strong><em>Hac</em></strong></span> <span class='ocrx_word' id='word_1_350' title='bbox 487 3713 639 3792; x_wconf 70' lang='lat' dir='ltr'><strong><em>republica</em></strong></span> <span class='ocrx_word' id='word_1_351' title='bbox 657 3717 685 3774; x_wconf 89' lang='lat' dir='ltr'><strong><em>et</em></strong></span> <span class='ocrx_word' id='word_1_352' title='bbox 698 3711 746 3775; x_wconf 88' lang='lat' dir='ltr'><strong><em>bis</em></strong></span> <span class='ocrx_word' id='word_1_353' title='bbox 760 3720 870 3778; x_wconf 78' lang='lat' dir='ltr'><strong><em>animus</em></strong></span> <span class='ocrx_word' id='word_1_354' title='bbox 882 3733 985 3777; x_wconf 88' lang='lat' dir='ltr'><strong><em>rumor</em></strong></span> <span class='ocrx_word' id='word_1_355' title='bbox 995 3720 1143 3778; x_wconf 85' lang='lat' dir='ltr'><strong><em>ciuitatem</em></strong></span> <span class='ocrx_word' id='word_1_356' title='bbox 1155 3717 1309 3796; x_wconf 79' lang='lat' dir='ltr'><strong><em>obreperet</em></strong></span> <span class='ocrx_word' id='word_1_357' title='bbox 1322 3714 1500 3778; x_wconf 81' lang='lat' dir='ltr'><strong><em>Gulielmum</em></strong></span> <span class='ocrx_word' id='word_1_358' title='bbox 1513 3711 1579 3775; x_wconf 79' lang='lat' dir='ltr'><strong><em>An-</em></strong></span> 
     </span>
     <span class='ocr_line' id='line_1_36' title="bbox 364 3803 1582 3887; baseline -0.002 -18"><span class='ocrx_word' id='word_1_359' title='bbox 364 3807 446 3887; x_wconf 82' lang='lat' dir='ltr'><strong><em>pliac</em></strong></span> <span class='ocrx_word' id='word_1_360' title='bbox 458 3811 487 3867; x_wconf 83' lang='lat' dir='ltr'><strong><em>el</em></strong></span> <span class='ocrx_word' id='word_1_361' title='bbox 498 3803 685 3868; x_wconf 75' lang='lat' dir='ltr'><strong><em>mannicum</em></strong></span> <span class='ocrx_word' id='word_1_362' title='bbox 699 3805 814 3868; x_wconf 85' lang='lat' dir='ltr'><strong><em>Galliac</em></strong></span> <span class='ocrx_word' id='word_1_363' title='bbox 824 3825 920 3886; x_wconf 77' lang='lat' dir='ltr'><strong><em>rupem</em></strong></span> <span class='ocrx_word' id='word_1_364' title='bbox 930 3809 1136 3886; x_wconf 70' lang='lat' dir='ltr'><strong><em>Hispaniensis</em></strong></span> <span class='ocrx_word' id='word_1_365' title='bbox 1147 3805 1321 3870; x_wconf 82' lang='lat' dir='ltr'><strong><em>morsarebtn</em></strong></span> <span class='ocrx_word' id='word_1_366' title='bbox 1329 3811 1442 3885; x_wconf 80' lang='lat' dir='ltr'><strong><em>apitarc</em></strong></span> <span class='ocrx_word' id='word_1_367' title='bbox 1458 3805 1582 3869; x_wconf 82' lang='lat' dir='ltr'><strong><em>divisio·</em></strong></span> 
     </span>
     <span class='ocr_line' id='line_1_37' title="bbox 363 3899 1580 3983; baseline 0.001 -19"><span class='ocrx_word' id='word_1_368' title='bbox 363 3919 430 3964; x_wconf 90' lang='lat' dir='ltr'><strong><em>nem</em></strong></span> <span class='ocrx_word' id='word_1_369' title='bbox 437 3925 451 3976; x_wconf 79' lang='lat'><strong><em>,-</em></strong></span> <span class='ocrx_word' id='word_1_370' title='bbox 464 3921 517 3967; x_wconf 85' lang='lat' dir='ltr'><strong><em>nec</em></strong></span> <span class='ocrx_word' id='word_1_371' title='bbox 530 3909 647 3966; x_wconf 78' lang='lat' dir='ltr'><strong><em>tornare.</em></strong></span> <span class='ocrx_word' id='word_1_372' title='bbox 665 3903 820 3970; x_wconf 73' lang='lat' dir='ltr'><strong><em>Conuiobat</em></strong></span> <span class='ocrx_word' id='word_1_373' title='bbox 833 3908 920 3982; x_wconf 73' lang='lat' dir='ltr'><strong><em>naim,</em></strong></span> <span class='ocrx_word' id='word_1_374' title='bbox 934 3922 1000 3967; x_wconf 88' lang='lat' dir='ltr'><strong><em>cum</em></strong></span> <span class='ocrx_word' id='word_1_375' title='bbox 1015 3905 1159 3983; x_wconf 89' lang='lat' dir='ltr'><strong><em>Hispanis</em></strong></span> <span class='ocrx_word' id='word_1_376' title='bbox 1177 3904 1275 3967; x_wconf 87' lang='lat' dir='ltr'><strong><em>Gallos</em></strong></span> <span class='ocrx_word' id='word_1_377' title='bbox 1290 3907 1469 3981; x_wconf 78' lang='lat' dir='ltr'><strong><em>octinpentos</em></strong></span> <span class='ocrx_word' id='word_1_378' title='bbox 1483 3899 1580 3978; x_wconf 71' lang='lat' dir='ltr'><strong><em>funus</em></strong></span> 
     </span>
     <span class='ocr_line' id='line_1_38' title="bbox 365 3995 1583 4079; baseline -0.002 -19"><span class='ocrx_word' id='word_1_379' title='bbox 365 4016 462 4063; x_wconf 89' lang='lat' dir='ltr'><strong><em>annas</em></strong></span> <span class='ocrx_word' id='word_1_380' title='bbox 476 4001 515 4062; x_wconf 83' lang='lat' dir='ltr'><strong><em>ae</em></strong></span> <span class='ocrx_word' id='word_1_381' title='bbox 529 4014 685 4077; x_wconf 73' lang='lat' dir='ltr'><strong><em>sennarum</em></strong></span> <span class='ocrx_word' id='word_1_382' title='bbox 704 3999 802 4079; x_wconf 82' lang='lat' dir='ltr'><strong><em>pierio</em></strong></span> <span class='ocrx_word' id='word_1_383' title='bbox 811 4005 993 4064; x_wconf 69' lang='lat' dir='ltr'><strong><em>concitasse</em></strong></span> <span class='ocrx_word' id='word_1_384' title='bbox 1001 4022 1014 4072; x_wconf 91' lang='lat'><strong><em>,·</em></strong></span> <span class='ocrx_word' id='word_1_385' title='bbox 1028 4005 1055 4061; x_wconf 91' lang='lat' dir='ltr'><strong><em>et</em></strong></span> <span class='ocrx_word' id='word_1_386' title='bbox 1070 4000 1240 4064; x_wconf 83' lang='lat' dir='ltr'><strong><em>Ludouicus</em></strong></span> <span class='ocrx_word' id='word_1_387' title='bbox 1252 3995 1514 4070; x_wconf 80' lang='lat' dir='ltr'><strong><em>XIVmanorcbia</em></strong></span> <span class='ocrx_word' id='word_1_388' title='bbox 1526 3999 1583 4058; x_wconf 83' lang='lat' dir='ltr'><strong><em>Hi·</em></strong></span> 
     </span>
     <span class='ocr_line' id='line_1_39' title="bbox 366 4089 1581 4172; baseline 0 -23"><span class='ocrx_word' id='word_1_389' title='bbox 366 4094 490 4166; x_wconf 70' lang='lat' dir='ltr'><strong><em>massica</em></strong></span> <span class='ocrx_word' id='word_1_390' title='bbox 503 4095 666 4161; x_wconf 79' lang='lat' dir='ltr'><strong><em>constante.</em></strong></span> <span class='ocrx_word' id='word_1_391' title='bbox 681 4107 819 4172; x_wconf 77' lang='lat' dir='ltr'><strong><em>mapnum</em></strong></span> <span class='ocrx_word' id='word_1_392' title='bbox 831 4093 937 4152; x_wconf 76' lang='lat' dir='ltr'><strong><em>cubuc</em></strong></span> <span class='ocrx_word' id='word_1_393' title='bbox 951 4095 1096 4167; x_wconf 81' lang='lat' dir='ltr'><strong><em>assuctus,</em></strong></span> <span class='ocrx_word' id='word_1_394' title='bbox 1110 4091 1192 4153; x_wconf 84' lang='lat' dir='ltr'><strong><em>band</em></strong></span> <span class='ocrx_word' id='word_1_395' title='bbox 1212 4089 1368 4151; x_wconf 62' lang='lat' dir='ltr'><strong><em>eterianus</em></strong></span> <span class='ocrx_word' id='word_1_396' title='bbox 1382 4091 1480 4151; x_wconf 84' lang='lat' dir='ltr'><strong><em>uideri</em></strong></span> <span class='ocrx_word' id='word_1_397' title='bbox 1493 4093 1581 4166; x_wconf 82' lang='lat' dir='ltr'><strong><em>quin,</em></strong></span> 
     </span>
     <span class='ocr_line' id='line_1_40' title="bbox 364 4178 1581 4261; baseline 0.003 -23"><span class='ocrx_word' id='word_1_398' title='bbox 364 4195 401 4238; x_wconf 84' lang='lat' dir='ltr'><strong><em>aa</em></strong></span> <span class='ocrx_word' id='word_1_399' title='bbox 424 4178 562 4261; x_wconf 82' lang='lat' dir='ltr'><strong><em>disjecta,</em></strong></span> <span class='ocrx_word' id='word_1_400' title='bbox 577 4188 727 4245; x_wconf 81' lang='lat' dir='ltr'><strong><em>maninus</em></strong></span> <span class='ocrx_word' id='word_1_401' title='bbox 747 4182 809 4244; x_wconf 83' lang='lat' dir='ltr'><strong><em>dici</em></strong></span> <span class='ocrx_word' id='word_1_402' title='bbox 822 4184 906 4245; x_wconf 86' lang='lat' dir='ltr'><strong><em>uelit.</em></strong></span> <span class='ocrx_word' id='word_1_403' title='bbox 922 4182 1001 4244; x_wconf 84' lang='lat' dir='ltr'><strong><em>Eum</em></strong></span> <span class='ocrx_word' id='word_1_404' title='bbox 1020 4187 1071 4242; x_wconf 88' lang='lat' dir='ltr'><strong><em>sui</em></strong></span> <span class='ocrx_word' id='word_1_405' title='bbox 1090 4189 1185 4261; x_wconf 81' lang='lat' dir='ltr'><strong><em>spsius</em></strong></span> <span class='ocrx_word' id='word_1_406' title='bbox 1196 4182 1327 4259; x_wconf 81' lang='lat' dir='ltr'><strong><em>fortunis</em></strong></span> <span class='ocrx_word' id='word_1_407' title='bbox 1340 4197 1432 4258; x_wconf 87' lang='lat' dir='ltr'><strong><em>supra</em></strong></span> <span class='ocrx_word' id='word_1_408' title='bbox 1445 4179 1581 4257; x_wconf 81' lang='lat' dir='ltr'><strong><em>reliquos</em></strong></span> 
     </span>
     <span class='ocr_line' id='line_1_41' title="bbox 366 4267 1584 4352; baseline 0 -21"><span class='ocrx_word' id='word_1_409' title='bbox 366 4267 504 4346; x_wconf 81' lang='lat' dir='ltr'><strong><em>Europae</em></strong></span> <span class='ocrx_word' id='word_1_410' title='bbox 514 4272 670 4351; x_wconf 76' lang='lat' dir='ltr'><strong><em>Principes</em></strong></span> <span class='ocrx_word' id='word_1_411' title='bbox 683 4281 866 4337; x_wconf 73' lang='lat' dir='ltr'><strong><em>excessisse:</em></strong></span> <span class='ocrx_word' id='word_1_412' title='bbox 880 4272 971 4352; x_wconf 69' lang='lat' dir='ltr'><strong><em>facile</em></strong></span> <span class='ocrx_word' id='word_1_413' title='bbox 982 4271 1082 4352; x_wconf 79' lang='lat' dir='ltr'><strong><em>sactu,</em></strong></span> <span class='ocrx_word' id='word_1_414' title='bbox 1095 4281 1128 4335; x_wconf 87' lang='lat' dir='ltr'><strong><em>ul</em></strong></span> <span class='ocrx_word' id='word_1_415' title='bbox 1140 4276 1247 4337; x_wconf 86' lang='lat' dir='ltr'><strong><em>alienis</em></strong></span> <span class='ocrx_word' id='word_1_416' title='bbox 1260 4273 1406 4349; x_wconf 82' lang='lat' dir='ltr'><strong><em>Hispania</em></strong></span> <span class='ocrx_word' id='word_1_417' title='bbox 1419 4269 1520 4349; x_wconf 82' lang='lat' dir='ltr'><strong><em>malis,</em></strong></span> <span class='ocrx_word' id='word_1_418' title='bbox 1530 4288 1584 4331; x_wconf 89' lang='lat' dir='ltr'><strong><em>su·</em></strong></span> 
     </span>
     <span class='ocr_line' id='line_1_42' title="bbox 358 4366 1583 4452; baseline 0.003 -27"><span class='ocrx_word' id='word_1_419' title='bbox 358 4379 421 4442; x_wconf 86' lang='lat' dir='ltr'><strong><em>pra</em></strong></span> <span class='ocrx_word' id='word_1_420' title='bbox 434 4381 532 4428; x_wconf 89' lang='lat' dir='ltr'><strong><em>amnes</em></strong></span> <span class='ocrx_word' id='word_1_421' title='bbox 546 4366 626 4432; x_wconf 86' lang='lat' dir='ltr'><strong><em>orbis</em></strong></span> <span class='ocrx_word' id='word_1_422' title='bbox 640 4375 788 4433; x_wconf 76' lang='lat' dir='ltr'><strong><em>lunarum</em></strong></span> <span class='ocrx_word' id='word_1_423' title='bbox 803 4374 896 4452; x_wconf 84' lang='lat' dir='ltr'><strong><em>Ilcpcs</em></strong></span> <span class='ocrx_word' id='word_1_424' title='bbox 909 4374 1022 4432; x_wconf 81' lang='lat' dir='ltr'><strong><em>eaeitct</em></strong></span> <span class='ocrx_word' id='word_1_425' title='bbox 1030 4376 1064 4433; x_wconf 89' lang='lat' dir='ltr'><strong><em>in</em></strong></span> <span class='ocrx_word' id='word_1_426' title='bbox 1077 4376 1257 4435; x_wconf 77' lang='lat' dir='ltr'><strong><em>inscensum.</em></strong></span> <span class='ocrx_word' id='word_1_427' title='bbox 1278 4371 1378 4431; x_wconf 82' lang='lat' dir='ltr'><strong><em>Satiaa</em></strong></span> <span class='ocrx_word' id='word_1_428' title='bbox 1393 4366 1455 4446; x_wconf 80' lang='lat' dir='ltr'><strong><em>lepe</em></strong></span> <span class='ocrx_word' id='word_1_429' title='bbox 1469 4372 1583 4445; x_wconf 81' lang='lat' dir='ltr'><strong><em>cauen‘,</em></strong></span> 
     </span>
     <span class='ocr_line' id='line_1_43' title="bbox 363 4462 1584 4549; baseline -0.003 -21"><span class='ocrx_word' id='word_1_430' title='bbox 363 4466 398 4522; x_wconf 78' lang='lat' dir='ltr'><strong><em>ul</em></strong></span> <span class='ocrx_word' id='word_1_431' title='bbox 411 4480 487 4539; x_wconf 78' lang='lat' dir='ltr'><strong><em>quac</em></strong></span> <span class='ocrx_word' id='word_1_432' title='bbox 514 4479 609 4538; x_wconf 68' lang='lat' dir='ltr'><strong><em>renna</em></strong></span> <span class='ocrx_word' id='word_1_433' title='bbox 627 4466 743 4528; x_wconf 83' lang='lat' dir='ltr'><strong><em>Galliae</em></strong></span> <span class='ocrx_word' id='word_1_434' title='bbox 766 4469 920 4533; x_wconf 80' lang='lat' dir='ltr'><strong><em>obveniant</em></strong></span> <span class='ocrx_word' id='word_1_435' title='bbox 933 4472 1001 4549; x_wconf 83' lang='lat' dir='ltr'><strong><em>ejus</em></strong></span> <span class='ocrx_word' id='word_1_436' title='bbox 1015 4475 1178 4531; x_wconf 83' lang='lat' dir='ltr'><strong><em>accessioni</em></strong></span> <span class='ocrx_word' id='word_1_437' title='bbox 1201 4470 1304 4530; x_wconf 85' lang='lat' dir='ltr'><strong><em>cadant</em></strong></span> <span class='ocrx_word' id='word_1_438' title='bbox 1312 4485 1324 4536; x_wconf 91' lang='lat'><strong><em>,·</em></strong></span> <span class='ocrx_word' id='word_1_439' title='bbox 1337 4469 1368 4524; x_wconf 87' lang='lat' dir='ltr'><strong><em>at</em></strong></span> <span class='ocrx_word' id='word_1_440' title='bbox 1393 4462 1584 4541; x_wconf 78' lang='lat' dir='ltr'><strong><em>bispaue&#39;com</em></strong></span> 
     </span>
     <span class='ocr_line' id='line_1_44' title="bbox 364 4560 1584 4646; baseline 0.001 -27"><span class='ocrx_word' id='word_1_441' title='bbox 364 4563 549 4639; x_wconf 86' lang='lat' dir='ltr'><strong><em>majestatem</em></strong></span> <span class='ocrx_word' id='word_1_442' title='bbox 561 4568 688 4642; x_wconf 83' lang='lat' dir='ltr'><strong><em>nequius</em></strong></span> <span class='ocrx_word' id='word_1_443' title='bbox 698 4570 778 4644; x_wconf 76' lang='lat' dir='ltr'><strong><em>poti,</em></strong></span> <span class='ocrx_word' id='word_1_444' title='bbox 791 4572 936 4646; x_wconf 77' lang='lat' dir='ltr'><strong><em>nusquam</em></strong></span> <span class='ocrx_word' id='word_1_445' title='bbox 949 4587 1012 4632; x_wconf 88' lang='lat' dir='ltr'><strong><em>essa</em></strong></span> <span class='ocrx_word' id='word_1_446' title='bbox 1030 4584 1118 4646; x_wconf 80' lang='lat' dir='ltr'><strong><em>quum</em></strong></span> <span class='ocrx_word' id='word_1_447' title='bbox 1131 4567 1216 4627; x_wconf 89' lang='lat' dir='ltr'><strong><em>alibi.</em></strong></span> <span class='ocrx_word' id='word_1_448' title='bbox 1232 4566 1307 4624; x_wconf 85' lang='lat' dir='ltr'><strong><em>Dari</em></strong></span> <span class='ocrx_word' id='word_1_449' title='bbox 1320 4561 1356 4622; x_wconf 90' lang='lat' dir='ltr'><strong><em>ab</em></strong></span> <span class='ocrx_word' id='word_1_450' title='bbox 1371 4560 1526 4621; x_wconf 77' lang='lat' dir='ltr'><strong><em>ludovico</em></strong></span> <span class='ocrx_word' id='word_1_451' title='bbox 1540 4579 1584 4622; x_wconf 79' lang='lat' dir='ltr'><strong><em>ex</em></strong></span> 
     </span>
     <span class='ocr_line' id='line_1_45' title="bbox 367 4651 1583 4745; baseline 0.003 -30"><span class='ocrx_word' id='word_1_452' title='bbox 367 4671 422 4715; x_wconf 83' lang='lat' dir='ltr'><strong><em>sua</em></strong></span> <span class='ocrx_word' id='word_1_453' title='bbox 437 4651 561 4730; x_wconf 75' lang='lat' dir='ltr'><strong><em>fanilla</em></strong></span> <span class='ocrx_word' id='word_1_454' title='bbox 568 4667 729 4742; x_wconf 82' lang='lat' dir='ltr'><strong><em>proprium</em></strong></span> <span class='ocrx_word' id='word_1_455' title='bbox 744 4664 886 4744; x_wconf 79' lang='lat' dir='ltr'><strong><em>Hispanus</em></strong></span> <span class='ocrx_word' id='word_1_456' title='bbox 903 4667 1020 4745; x_wconf 76' lang='lat' dir='ltr'><strong><em>nepam,</em></strong></span> <span class='ocrx_word' id='word_1_457' title='bbox 1035 4660 1353 4743; x_wconf 76' lang='lat' dir='ltr'><strong><em>mapnifiuempuiclom</em></strong></span> <span class='ocrx_word' id='word_1_458' title='bbox 1365 4662 1393 4720; x_wconf 89' lang='lat' dir='ltr'><strong><em>et</em></strong></span> <span class='ocrx_word' id='word_1_459' title='bbox 1402 4661 1468 4736; x_wconf 74' lang='lat' dir='ltr'><strong><em>epus</em></strong></span> <span class='ocrx_word' id='word_1_460' title='bbox 1483 4657 1583 4732; x_wconf 85' lang='lat' dir='ltr'><strong><em>domo,</em></strong></span> 
     </span>
    </p>
   </div>
   <div class='ocr_carea' id='block_1_6' title="bbox 0 0 1988 5592">
    <p class='ocr_par' dir='ltr' id='par_1_7' title="bbox 0 0 1988 5592">
     <span class='ocr_line' id='line_1_46' title="bbox 0 0 1988 5592; baseline 0 0"><span class='ocrx_word' id='word_1_461' title='bbox 0 0 1988 5592; x_wconf 95' lang='lat' dir='ltr'><strong><em> </em></strong></span> 
     </span>
    </p>
   </div>
  </div>
 </body>
</html>
