3942 5592
373 534 378 541 ’
492 540 532 602 58

451 669 519 713 sum
533 652 660 721 maioni,
675 653 793 713 minati.
806 653 834 711 et
847 651 1044 726 consequenti.
1060 646 1097 709 ln
1112 644 1221 726 quilius
1234 648 1456 726 pronuntiatis,
1476 648 1539 710 tres
1551 644 1651 726 ideae,

453 733 546 811 outqo
560 733 991 809 inminutionemque,
1005 732 1039 788 ut
1053 729 1145 805 idea,
1165 746 1242 807 quae
1253 727 1415 789 adducitur
1427 729 1469 788 ael
1481 729 1516 789 iol
1523 730 1656 807 protan-

451 815 535 889 dum,
549 810 631 889 quod
642 816 677 871 in
690 814 857 890 quaestione
865 812 1053 887 propositum
1067 815 1120 888 est,
1134 813 1169 869 in
1179 811 1380 888 propositione
1394 823 1461 868 aem
1473 823 1547 889 uno,
1562 815 1596 870 in
1607 829 1654 874 as·

451 897 612 970 sumptione
625 895 722 953 antem
735 908 800 952 oum
812 891 905 953 altero
914 892 1089 967 propositae
1102 893 1283 967 quaestionis
1296 886 1432 965 tastiqio,
1446 904 1510 964 seu,
1520 895 1554 948 ut
1562 888 1654 969 uutqo

453 972 578 1046 dieunt,
601 975 785 1032 extremitate
798 974 986 1045 eomunqitur
999 1013 1008 1043 ,
1029 974 1062 1028 ut
1075 974 1254 1048 quaestionis
1266 968 1394 1046 lastiqia
1406 971 1440 1027 in
1452 968 1654 1046 campanieu

453 1053 673 1129 eoniuuqantnr
678 1069 736 1130 per
749 1051 808 1111 illa
818 1051 1038 1112 uineouoomn
1050 1051 1140 1130 effata
1152 1092 1161 1127 ,
1174 1065 1300 1129 quorum
1313 1063 1404 1109 unum
1417 1052 1458 1109 est
1470 1091 1480 1127 ,
1493 1065 1572 1126 quae
1584 1068 1654 1111 oon·

452 1134 615 1210 tunquntur
628 1137 685 1191 uni
697 1134 795 1206 tentio,
808 1136 885 1194 intes
898 1147 928 1189 se
941 1146 1055 1206 quoqne
1067 1134 1294 1210 oaniunpunturs
1308 1129 1447 1205 altanum,
1458 1145 1537 1206 quae
1547 1129 1651 1191 aloem

454 1215 541 1274 tertio
552 1218 742 1289 separantur,
757 1217 834 1273 inter
847 1230 878 1272 se
888 1227 1004 1288 quoque
1018 1211 1118 1271 dioisa
1130 1215 1209 1271 sunu.
1400 1262 1407 1279 ,

495 1291 626 1367 Questio,
641 1308 693 1354 ee.
706 1310 769 1372 qr„
783 1296 843 1353 sit:
860 1309 899 1351 an
912 1290 1094 1366 eloquentiae
1114 1293 1244 1354 stultum
1265 1293 1304 1353 sit
1316 1282 1540 1350 eenolendums
1560 1305 1651 1369 asqu-

453 1378 580 1434 mentum
593 1376 667 1449 esto,
680 1373 761 1452 quael
773 1377 812 1432 sit
821 1373 934 1433 nomine
943 1375 1066 1447 diqnum
1078 1392 1089 1427 .·
1102 1375 1317 1450 orqunoentotio
1329 1371 1375 1429 ita
1389 1369 1570 1447 disponitur.

494 1452 642 1528 Studium,
658 1454 775 1515 tonino
788 1454 923 1533 liqnson,
938 1455 981 1511 est
993 1450 1199 1512 eneotenaano
1215 1450 1396 1531 eloquentiae
1409 1455 1507 1511 autem
1517 1451 1650 1510 studium

455 1530 573 1595 tumme
582 1534 706 1609 aliquan
719 1537 783 1605 ests
798 1531 994 1593 excolendam
1006 1536 1048 1594 est
1060 1535 1165 1609 s'qitur.
1226 1551 1228 1554 ·
1404 1586 1407 1591 .

498 1612 638 1675 Oratores
647 1616 845 1692 propositioni
856 1612 966 1671 beenan
974 1611 1198 1695 probationem,
1221 1617 1417 1692 assumptioni
1435 1615 1532 1670 anetem
1545 1611 1653 1687 montir-

452 1686 611 1754 mato‘onem
624 1709 691 1752 oum
704 1693 932 1773 amplificatione
944 1694 1132 1770 aeliamqunl,
1154 1698 1181 1755 et
1201 1697 1454 1755 ratiocinationem
1464 1689 1655 1768 perfectissi·

453 1790 531 1832 somn
542 1770 710 1848 absolvunt,
719 1779 746 1834 el
752 1779 907 1853 proprium
916 1777 1179 1851 arqumentationis
1189 1789 1283 1850 qenus
1294 1770 1430 1853 efficiunt,
1440 1770 1521 1848 quon
1529 1771 1654 1850 epqelte·

453 1870 535 1918 remo
548 1854 680 1915 riennes
693 1859 819 1915 ooeonl:
833 1871 924 1932 eoque
937 1853 1045 1932 ampli,
1058 1856 1085 1913 et
1098 1859 1209 1930 copiosi
1220 1858 1349 1915 oratoms
1361 1857 1497 1913 uantur.

954 2024 1152 2078 nnoeostuo.

495 2182 609 2256 Quium
620 2156 752 2242 stultum
765 2173 929 2239 nanninus
943 2175 1163 2255 ols'qntssimum,
1172 2177 1368 2255 eloquentiam
1379 2176 1573 2239 enodamus?

867 2348 1107 2401 enosostmouts
1119 2350 1229 2402 enata.

494 2501 646 2563 Anisnolia
658 2506 735 2563 enim
747 2501 882 2562 silemus
894 2503 1014 2560 caetera
1022 2515 1076 2560 suo
1086 2504 1225 2577 mnusque
1237 2501 1338 2564 statio
1348 2501 1502 2564 delectati.

452 2744 522 2804 nelle
535 2741 642 2810 seuote,
656 2742 816 2815 maqqtore,
830 2743 954 2814 minore,
967 2758 983 2800 e
997 2748 1193 2817 consequente.
1209 2744 1231 2801 E
1246 2751 1289 2803 tre
1302 2745 1372 2814 ideo,
1387 2744 1653 2818 volgumentectnin·

452 2827 526 2879 moto
539 2819 669 2888 termini,
685 2819 709 2873 ni
724 2817 746 2873 st
759 2817 928 2890 dispongano
943 2818 1012 2889 eost,
1026 2819 1078 2875 she
1091 2819 1117 2875 te
1129 2819 1188 2876 iden
1202 2821 1288 2878 seette
1297 2836 1347 2894 per
1357 2836 1456 2892 proven
1465 2821 1492 2878 tn
1501 2822 1650 2894 quistione,

453 2898 477 2953 si
491 2894 643 2969 cangiuage
657 2894 726 2949 nette
739 2894 927 2965 Propoeizione
951 2893 1119 2967 ouagginre
1132 2908 1183 2952 eon
1198 2912 1264 2964 uno,
1278 2897 1508 2953 nett'tesunzione
1522 2914 1539 2954 o
1553 2897 1658 2954 liuore

452 2971 588 3031 eott'ettro
611 2974 735 3026 estsemo
754 2969 826 3026 detta
849 2971 969 3041 quistion
994 2970 1152 3043 medeeimn3
1167 2985 1182 3027 e
1197 2973 1254 3028 eost
1268 2973 1341 3028 nette
1354 2973 1562 3044 complessioae
1579 2974 1653 3029 onet

452 3050 636 3118 consequente
648 3060 771 3118 tongeno
784 3061 800 3101 e
813 3046 1008 3119 congiungensi
1021 3046 1081 3103 inei
1096 3048 1149 3106 due
1162 3049 1273 3104 estremi
1287 3048 1417 3118 suadenti,
1429 3050 1456 3104 ia
1466 3050 1540 3105 virtu
1551 3049 1578 3106 u
1589 3051 1655 3120 quei

451 3124 549 3181 celebri
563 3121 670 3177 nseiomi
692 3122 737 3178 dei
751 3121 884 3177 Dietettiei
898 3120 925 3177 di
939 3124 984 3178 cui
999 3139 1052 3180 uno
1066 3121 1091 3179 i:
1111 3145 1123 3174 ι
1149 3128 1189 3182 Le
1202 3137 1267 3180 cose
1279 3125 1331 3180 cloe
1344 3127 1371 3180 sl
1383 3128 1587 3198 eonqiunmono
1601 3141 1656 3181 con

450 3216 514 3256 ana
526 3204 610 3255 terna
622 3200 649 3253 si
662 3200 863 3270 canei-unqono
877 3202 926 3253 tro
944 3196 1006 3254 loro
1016 3228 1048 3238 -
1058 3197 1146 3255 t'nltso
1157 3202 1231 3256 -Le
1244 3214 1308 3255 cose
1318 3200 1370 3256 clue
1382 3217 1453 3256 sono
1467 3204 1606 3274 separate
1616 3199 1658 3258 da

451 3290 516 3330 una
528 3278 611 3329 terna
622 3287 693 3327 sono
706 3270 831 3330 trolano
844 3288 960 3329 maora
972 3273 1066 3330 divise
1079 3296 1104 3331 n.

491 3351 542 3406 Per
555 3348 658 3420 seggio,
674 3348 713 3404 sin
727 3348 754 3404 le
767 3348 1061 3419 quistionozsedebba
1073 3349 1227 3406 coltioarsi
1237 3346 1265 3404 lo
1274 3349 1373 3407 studio
1388 3348 1645 3422 dellaeloqusnsa.

453 3424 582 3482 Preadesi
596 3439 644 3494 per
658 3430 828 3496 argomento,
845 3423 895 3478 che
908 3423 969 3483 tale
983 3422 1082 3485 stulto
1092 3426 1108 3484 ὲ
1117 3425 1204 3497 tegno
1215 3423 1376 3483 dett‘uomo.
1387 3425 1651 3500 t'arqnmennzione

453 3501 546 3557 totiena
560 3501 581 3555 si
596 3497 690 3556 ordine
703 3499 728 3555 di
742 3504 842 3570 questo
856 3498 947 3555 modo:

660 3617 722 3671 Uno
732 3617 813 3672 studio
823 3617 900 3688 dequo
911 3618 1047 3684 dell’uomo,
1059 3617 1256 3675 niventunen

658 3688 701 3741 Ma
711 3687 735 3740 lo
745 3687 1038 3757 studindell'etnquenni
1049 3687 1125 3759 dequo
1133 3688 1268 3745 dett'oonu:

654 3755 763 3826 Dunque
772 3756 830 3810 deve
842 3757 971 3811 collinensi.

486 3872 528 3929 Gti
546 3870 652 3929 oratori
675 3881 822 3931 nanettono
841 3872 894 3931 etta
914 3873 1101 3946 propositione
1119 3891 1174 3932 uae
1199 3875 1283 3933 breve
1296 3879 1393 3947 pinne:
1407 3877 1618 3935 elt’nssunzione
1630 3876 1656 3933 ts

451 3950 590 4005 conferma
603 3964 655 4004 eon
668 3949 887 4022 amptifieezioae:
903 3949 989 4010 eoost
1002 3953 1136 4010 servando
1151 3968 1190 4009 un
1204 3952 1404 4024 pertettissimo
1417 3955 1565 4012 mtoeinio
1579 3969 1657 4011 enm-

452 4022 531 4093 pioao
553 4023 618 4095 quet
638 4040 737 4104 genere
749 4026 1023 4099 d’ergomentnzione,
1036 4026 1088 4083 ohe
1101 4030 1136 4087 ds
1149 4029 1239 4087 Retori
1257 4027 1389 4101 s'eppeltn
1403 4032 1614 4105 Epulonem,
1629 4028 1657 4085 di

451 4100 498 4155 eui
514 4100 537 4154 si
550 4100 673 4172 vogliono
687 4103 695 4157 i
707 4103 796 4159 ricebi
810 4119 825 4159 e
839 4101 966 4176 dignitosi
982 4105 1099 4160 oratori.

949 4276 1149 4318 renuntietque.

489 4408 591 4467 Penne
603 4425 620 4465 n
632 4408 748 4467 nottiver
762 4409 789 4465 le
799 4409 948 4482 eloquente
961 4425 1015 4466 oon
1028 4424 1156 4482 porrenm
1169 4409 1287 4484 t’nnimo,
1302 4412 1483 4486 ‹psand’ettae
1496 4388 1590 4474 studio
1599 4415 1648 4473 de·

453 4484 770 4561 gnissimodell'uomo'l
1489 4485 1494 4493 '

837 4649 922 4696 PROVA
936 4656 1020 4697 netu
1035 4655 1235 4699 nuoiastntottn.

492 4783 591 4841 Poiche
608 4787 747 4860 sepgiamo
760 4786 823 4844 tutti
837 4787 873 4859 gli
883 4790 992 4873 *animoli
1007 4791 1076 4850 detto
1091 4791 1207 4851 stisdiou
1221 4791 1262 4850 lor
1276 4792 1386 4863 proprio
1400 4791 1546 4852 diletterst·
