3942 5592
492 610 534 660 DE
549 609 774 664 INSTITUTIONB
789 611 961 665 urrunnun
976 611 1181 667 RHETORICAE
1194 612 1389 664 PARASOEVA.

366 761 432 838 llis,
446 777 524 837 quoe
537 762 687 843 dimum,
701 771 830 826 naturae
837 763 1006 842 praesidiis
1020 769 1151 826 munitus
1165 763 1335 824 adolescens
1349 805 1358 839 ,
1378 770 1538 842 antequam

323 848 401 904 ortis
415 846 563 919 comparet
573 845 757 922 adiumenta,
772 845 867 904 literis
881 845 923 904 od
935 860 999 904 cam
1013 849 1188 906 necessariis
1197 846 1382 904 instituatur:
1397 861 1434 904 ue
1444 863 1537 922 praue

322 923 428 1001 faciet,
444 926 477 982 ut
490 927 545 1000 qui
557 924 728 1000 aedificium
742 928 889 1004 dasiqnat,
900 928 1059 1000 antequam
1071 927 1180 1001 sotum,
1196 929 1367 1002 iiqnnmque
1381 940 1536 1002 compara-

323 1008 380 1063 uit.
406 1003 446 1064 Et
460 1007 616 1080 principio
629 1010 766 1082 nonest,
780 1011 813 1065 ut
827 1019 891 1063 eum
910 1009 1104 1081 qrammotico
1119 1011 1183 1066 arte
1199 1003 1292 1081 prote
1315 1002 1463 1064 mnrduum
1476 1025 1536 1067 mo

324 1099 425 1154 neum
439 1082 597 1142 ridsrulum
611 1089 687 1144 emm
701 1089 756 1161 est,
770 1089 872 1161 utqui
881 1087 1016 1144 nesciunt
1029 1085 1113 1162 toqui
1124 1127 1134 1161 ,
1147 1087 1283 1146 studeant
1297 1084 1404 1161 eloqui.
1423 1086 1536 1146 Geome-

324 1168 417 1224 triom
430 1166 528 1222 autem
538 1180 596 1240 per
606 1163 719 1240 immas
733 1167 858 1241 ediscat,
872 1169 905 1224 ut
918 1180 980 1224 una
994 1182 1093 1243 operm
1104 1171 1233 1225 etonem
1243 1164 1420 1241 disponendi
1431 1172 1537 1244 acqui·

323 1249 384 1321 rut,
399 1246 428 1302 et
441 1247 537 1320 ipsim
545 1243 724 1320 phantasiae
738 1262 804 1323 ope,
819 1248 978 1322 quopueri
986 1244 1155 1321 plurimum
1170 1245 1278 1323 uoluit,
1293 1248 1444 1307 assuescat
1465 1263 1537 1307 uera

325 1323 477 1399 confirma.
494 1322 574 1382 Nam
596 1323 763 1385 metlrodnm
785 1329 990 1402 qeometrioam
1012 1329 1046 1385 in
1058 1330 1217 1386 ordiinum
1239 1324 1353 1385 eisitan
1376 1327 1546 1402 impostore·

326 1402 509 1465 laruamdem
523 1408 577 1479 est,
592 1408 736 1479 quantum
749 1405 850 1465 tollere
864 1407 901 1466 de
911 1405 1050 1466 humanis
1062 1406 1149 1465 retus
1164 1404 1536 1485 libidinemque-itatem,

328 1489 521 1559 mansionen,
535 1481 698 1562 sormam
713 1482 791 1545 mittit
803 1489 921 1544 acutum
935 1489 1068 1546 motione
1080 1487 1250 1561 admittere,
1264 1501 1315 1545 nec
1329 1489 1390 1545 nisi
1403 1488 1472 1544 onte
1481 1503 1537 1563 pc-

329 1565 383 1626 des
393 1567 496 1641 posita
510 1570 752 1626 commonstrare:
767 1565 967 1641 auditoribus,
979 1569 1128 1642 tamquam
1150 1565 1332 1643 discipulis,
1355 1564 1456 1641 utri,
1475 1570 1538 1632 nesi
1606 1635 1610 1642 Ι

324 1659 540 1722 pennensem
552 1647 585 1703 in
599 1661 643 1724 os,
652 1650 797 1724 inperare:
812 1649 850 1723 ct,
865 1650 899 1705 nt
911 1660 972 1704 uno
984 1645 1071 1705 ambo
1084 1646 1270 1723 coruplectar,
1284 1649 1317 1705 in
1330 1648 1469 1705 costumia
1474 1661 1536 1722 pro

330 1730 448 1787 oratam
461 1723 609 1786 decimam
629 1743 726 1802 aqere,
748 1729 941 1784 am'tmetr'cam
954 1742 1024 1785 cero
1039 1727 1190 1802 docentor,
1202 1729 1299 1804 moqis
1311 1729 1344 1784 ut
1357 1741 1394 1784 ae
1406 1728 1535 1804 iqnoret,

326 1820 419 1882 mam
430 1807 464 1862 ut
477 1807 562 1864 sciat.
571 1806 767 1864 Numerarem
780 1809 859 1864 euim
873 1808 1045 1866 tenuissima
1054 1809 1176 1867 sucuro
1185 1809 1274 1881 est3at
1287 1808 1388 1864 tenuia
1399 1804 1538 1880 eloquea-

327 1887 387 1944 iioe
399 1888 508 1963 nasia,
523 1884 608 1964 cujus
619 1902 727 1962 corpus
740 1889 841 1944 curari
862 1890 984 1964 oportn,
997 1889 1032 1944 ut
1045 1890 1084 1944 sit
1096 1884 1226 1945 solidum
1240 1890 1267 1945 et
1279 1889 1372 1944 niteat
1385 1880 1488 1978 thoris,
1508 1889 1538 1946 et

327 1963 1547 2127 stantunus,furesqtmuunraastsrrtrn‚

329 2124 413 2202 quod
427 2125 572 2200 Epimerei
585 2126 681 2201 nuda,
692 2144 727 2186 ac
741 2126 872 2202 simplici
885 2141 983 2184 rerum
997 2130 1179 2203 expositione
1192 2129 1318 2184 contenti
1331 2119 1539 2202 eranttStoqei

329 2209 428 2264 mian
445 2208 539 2264 unua
550 2204 723 2267 subtilitatis
736 2205 899 2285 affectiosa,
913 2205 1065 2284 quidquid
1076 2210 1119 2265 est
1132 2209 1165 2265 in
1179 2209 1321 2282 oratione,
1334 2209 1457 2280 ipsoque
1475 2207 1538 2281 spi-

330 2288 392 2344 ritu
405 2287 574 2362 qerserosins
586 2283 777 2365 sranqelront,
791 2285 1058 2363 concr'delrantque,
1080 2291 1108 2345 et
1127 2290 1207 2346 omasi
1218 2289 1342 2362 eccepto
1355 2299 1454 2361 succo,
1469 2299 1537 2343 osso

333 2379 371 2423 ne
384 2369 522 2424 arctuoto
536 2367 655 2440 quidem
669 2365 853 2426 denudabat:
866 2368 910 2425 ita
922 2364 1011 2425 leodic
1023 2382 1075 2425 nec
1090 2366 1352 2442 Caritesiona,nec
1361 2366 1454 2423 nostri
1466 2366 1538 2421 tcm-

326 2448 413 2521 pors's
426 2443 603 2504 Aristotelea
616 2445 702 2505 rebus
715 2450 853 2506 oratoriis
861 2440 1026 2522 plurimum
1034 2443 1158 2522 confert:
1174 2445 1208 2506 tri
1219 2462 1278 2521 qam
1290 2446 1431 2516 inornati,
1447 2445 1476 2499 et
1488 2446 1537 2501 in·

333 2523 592 2601 cmditi5i1liqua
603 2524 716 2605 jainai,
731 2530 815 2603 sicci,
827 2523 978 2602 aridique,
992 2529 1025 2585 ut
1036 2542 1090 2604 eqo
1108 2530 1286 2604 existiment,
1299 2523 1422 2602 quondo
1433 2520 1537 2600 linqua

485 2856 568 2898 BELLA
580 2856 769 2898 lnsrtrnntouu
780 2859 941 2899 summurn
955 2856 1133 2899 ΡΒΒΡᾸΒΔΤῙΡΔ
1147 2858 1210 2898 stlat
1226 2859 1381 2901 emortus.

373 2993 420 3050 De’
431 2992 552 3064 presidii,
567 2992 610 3063 giis
624 2992 701 3062 detti,
717 2992 788 3049 della
800 2995 902 3049 Natura
915 2993 1019 3048 munito
1030 2991 1047 3046 il
1056 2992 1223 3063 giosonetto,
1236 2994 1323 3062 prima
1333 2993 1359 3049 di
1371 2994 1536 3064 provveder·

341 3068 364 3122 si
379 3068 386 3124 i
401 3068 511 3125 sussidii
528 3067 589 3125 dell’
599 3075 669 3140 arte,
684 3068 706 3121 s’
718 3069 867 3124 instruisea
881 3068 951 3123 delle
966 3069 1060 3124 lettere
1072 3069 1239 3133 necessarie,
1253 3067 1287 3123 ne
1300 3069 1387 3124 laceio
1401 3085 1480 3125 come
1493 3070 1539 3126 chi

340 3142 452 3216 disegnu
467 3160 503 3199 un
518 3143 622 3200 sdifizio
637 3145 743 3199 innanzi
758 3145 802 3199 eh’
816 3143 895 3200 abbia
910 3145 937 3199 in
953 3160 1003 3199 sus
1016 3142 1086 3199 nstin
1100 3143 1178 3197 sunto
1198 3144 1305 3199 stravi.
1322 3145 1380 3199 Nou
1401 3143 1418 3199 Ρ
1432 3160 1536 3201 nmmo·

337 3219 417 3275 nisan
430 3236 447 3276 n
459 3220 512 3277 ben
525 3219 643 3276 erudirsi
657 3219 683 3276 in
697 3219 893 3290 Grammatico,
911 3217 1008 3291 poiche
1021 3216 1036 3274 e
1056 3217 1169 3274 ridioolo
1189 3218 1239 3273 che
1253 3217 1297 3273 chi
1315 3234 1369 3274 nou
1383 3220 1535 3291 superlore

338 3295 362 3350 si
373 3295 448 3352 studi
461 3312 477 3351 u
489 3296 542 3352 beu
556 3295 674 3366 portare.
691 3296 836 3366 apprenda
850 3295 1002 3352 Geometria
1015 3309 1063 3365 por
1078 3309 1170 3349 mezzo
1184 3292 1211 3349 di
1225 3294 1322 3366 ligure,
1337 3295 1484 3352 acciocche
1497 3295 1538 3351 iu·

339 3371 424 3428 nieme
437 3371 472 3428 ed
485 3371 600 3442 sonuisti
613 3370 630 3426 Ρ
643 3377 700 3427 arte
712 3372 754 3428 del
767 3372 902 3442 disporre,
918 3387 934 3427 e
948 3371 970 3426 si
984 3371 1090 3427 arseni
1106 3368 1168 3424 oolt’
1179 3370 1252 3425 aiuto
1265 3369 1336 3426 della
1350 3376 1437 3427 stesso
1451 3372 1538 3428 ianta-

339 3445 380 3501 siu
394 3446 439 3517 tiu
451 3448 498 3503 eui
511 3446 673 3503 moltissimo
686 3447 813 3520 vigliano
827 3448 834 3502 i
850 3447 973 3504 lauciulli
989 3449 996 3519 t
1012 3462 1028 3501 a
1042 3444 1225 3501 couohiudero
1247 3445 1267 3500 il
1283 3462 1357 3502 vero.
1378 3445 1480 3503 Pcrehe
1493 3462 1537 3504 ro-

338 3536 403 3578 eare
417 3522 434 3577 il
449 3523 558 3579 metodo
570 3522 736 3595 geometrico
747 3523 809 3579 nell’
819 3525 928 3579 orszion
942 3521 1032 3591 civile,
1044 3520 1157 3577 sarebbe
1170 3520 1196 3576 lo
1207 3528 1296 3578 stesso
1307 3523 1357 3578 ohe
1368 3521 1465 3593 taglior
1477 3522 1536 3579 dal·

338 3595 366 3653 le
380 3612 446 3654 cose
458 3613 568 3666 umune,
583 3597 621 3669 gli
634 3598 755 3668 appetiti,
772 3598 796 3654 la
810 3600 944 3668 temeritt,
962 3598 979 3653 Ρ
988 3595 1173 3669 opportunitn,
1188 3597 1204 3652 il
1219 3612 1295 3668 cus03
1311 3597 1422 3654 surcbbe
1435 3612 1471 3651 un
1482 3613 1537 3654 nou

317 3706 320 3713 ·
335 3680 497 3729 emmettere
510 3673 573 3730 nell’
585 3675 709 3729 oracione
724 3675 812 3730 niente
826 3675 851 3731 di
864 3681 946 3730 acuto
959 3689 974 3729 e
989 3675 1096 3742 sottile,
1111 3687 1165 3726 non
1179 3672 1362 3730 dimostrando
1376 3672 1428 3728 ohe
1442 3673 1536 3743 quello

340 3747 392 3804 che
406 3749 426 3804 ti
438 3756 483 3805 sta
496 3751 601 3806 innanzi
615 3749 639 3805 ι’
651 3748 741 3820 piedi,
757 3765 772 3805 e
786 3766 839 3806 non
854 3749 1034 3806 imboceando
1047 3749 1084 3822 gli
1098 3746 1197 3803 uditori
1211 3749 1262 3806 ohe
1275 3765 1329 3805 con
1342 3755 1398 3820 'pau
1412 3749 1537 3803 mastica·

341 3830 383 3880 to.
398 3825 428 3879 ln
441 3840 496 3880 uns
509 3824 603 3896 psrolu
617 3825 729 3881 sarehbs
742 3825 799 3881 lure
812 3825 882 3883 nelle
895 3841 1030 3882 rnunnnze
1044 3825 1078 3882 dn
1091 3824 1202 3878 Dottore
1214 3825 1306 3880 invene
1319 3825 1346 3881 di
1359 3825 1483 3880 Oratore.
1495 3823 1536 3880 Gli

339 3899 363 3954 ι’
371 3901 477 3972 insequi
491 3901 660 3970 Aritrneticu,
675 3900 722 3972 piu
735 3900 833 3972 perche
847 3918 900 3957 nou
914 3901 941 3958 la
953 3901 1052 3973 ignari,
1068 3900 1118 3955 ohe
1128 3897 1228 3967 perche
1241 3899 1265 3955 ln
1276 3900 1377 3972 suppia,
1393 3905 1497 3955 mentre
1510 3899 1536 3956 la

344 3971 429 4031 suna
443 3977 550 4032 sciense
564 3977 734 4043 tenuissima,
749 3993 764 4031 e
778 3977 802 4032 le
818 3977 890 4033 tenui
904 3992 968 4033 ooss
981 3976 1136 4033 nuoooiono
1150 3973 1195 4029 ιιΙΡ
1206 3974 1365 4048 eloquenza,
1380 3974 1398 4029 il
1413 3976 1460 4030 cui
1473 3990 1538 4030 oor·
1559 3987 1565 3997 ‘

338 4064 376 4121 po
389 4051 454 4106 suoi
467 4052 572 4108 curarsi
587 4052 638 4107 che
652 4052 691 4107 sis
704 4051 804 4121 solido,
820 4069 835 4109 c
848 4052 1017 4120 musculoso,
1033 4068 1048 4108 e
1062 4053 1124 4123 pien
1139 4048 1165 4105 di
1179 4064 1264 4106 succo
1278 4049 1415 4121 rispleuda
1428 4050 1454 4106 di
1469 4066 1535 4106 sano

338 4125 445 4183 colore.
462 4128 510 4182 Per
524 4126 566 4182 oio
580 4127 630 4182 ohe
644 4129 772 4199 riquardo
784 4127 811 4183 ln
824 4127 946 4199 filosofiu3
962 4143 1040 4184 corne
1058 4128 1237 4182 onninamente
1249 4123 1282 4181 ui
1293 4125 1319 4181 ln
1332 4126 1450 4182 dottriuu
1464 4126 1537 4198 degli

340 4200 492 4275 Epicurei,
515 4201 549 4258 ne
564 4202 632 4274 degli
647 4204 731 4259 Stoici
751 4219 798 4259 era
813 4205 878 4259 utile
897 4203 1104 4274 all’Eloquenzs
1119 4199 1245 4272 tqusndo
1263 4201 1300 4274 gli
1318 4203 1446 4271 Epicurei
1464 4202 1536 4258 della

338 4277 413 4333 nttds
427 4294 442 4334 e
456 4278 586 4349 semplice
599 4279 764 4350 esposizione
778 4278 848 4334 delle
863 4295 928 4335 cose
942 4279 963 4333 si
975 4286 1186 4346 eontentavano,
1205 4292 1220 4331 e
1234 4277 1271 4348 gli
1285 4279 1367 4333 Stoici
1380 4277 1423 4333 ool
1438 4286 1535 4348 troppo

336 4351 458 4410 altenare
471 4354 621 4425 sublimitt,
637 4352 751 4409 ciooche
764 4355 826 4410 nell‘
837 4356 997 4411 Orszionee
1011 4354 1080 4410 pello
1094 4359 1182 4408 stesso
1195 4354 1290 4422 spirito
1303 4354 1336 4409 ho
1350 4353 1376 4409 di
1389 4369 1533 4425 generoso,

339 4428 543 4502 infrangesnoe
557 4430 787 4498 cincischiavnuo,
801 4446 816 4486 e
829 4430 897 4486 totto
911 4432 975 4502 ogni
990 4445 1075 4485 succo
1085 4444 1118 4484 ne
1133 4427 1292 4485 denudsvan
1303 4430 1327 4486 le
1337 4445 1399 4485 ossa
1412 4428 1536 4486 disciolto

338 4518 389 4573 por
402 4505 550 4576 soprappiu
567 4506 593 4562 di
605 4506 647 4563 lor
660 4506 789 4576 giunturc
800 4507 819 4579 tq
833 4507 891 4561 cosi
905 4508 966 4579 oggi
977 4504 1010 4562 ne
1021 4505 1047 4561 la
1061 4504 1224 4576 Cartesinnn,
1236 4504 1269 4561 ne
1279 4505 1297 4560 Ρ
1306 4505 1477 4562 Aristotelian
1491 4505 1536 4562 del

342 4588 439 4636 nostro
455 4589 546 4653 tempo
560 4582 587 4637 ln
599 4598 667 4655 gran
682 4581 731 4653 pro
745 4581 796 4638 alls
810 4596 875 4638 cose
889 4583 1026 4638 oratorie:
1042 4580 1129 4653 questi
1143 4579 1244 4651 perche
1257 4580 1393 4637 disadorni
1406 4595 1421 4635 e
1439 4582 1532 4651 razzi,

341 4656 432 4731 quegli
448 4654 550 4728 perone
564 4657 677 4732 digiuni,
689 4657 780 4716 secchi
793 4657 907 4715 ed'aridi
921 4659 947 4714 in
959 4665 1045 4731 tento,
1056 4656 1107 4715 che
1120 4657 1146 4714 io
1157 4658 1236 4715 stiuro
1246 4656 1263 4714 Ρ
1274 4657 1422 4729 eloquenza
1435 4655 1478 4714 de'
1488 4672 1537 4712 no·
