3942 5592
350 636 447 694 uectis
460 633 566 695 tiaram
575 652 630 712 per
640 635 780 695 adversus
793 632 909 694 Pontum
918 633 1196 713 Nooumpraesidia
1209 644 1242 699 ia
1255 658 1350 702 arcem
1358 661 1416 721 per
1426 644 1578 706 sitentium

349 732 482 804 immitti,
499 736 527 789 et
549 735 739 801 stationarios
754 732 796 789 ad
805 735 923 807 portum
942 748 1000 806 pro
1012 739 1102 808 porta
1126 738 1205 793 orcis
1230 752 1315 796 orma
1334 736 1479 814 conferre,
1493 746 1577 818 eique

346 829 525 902 praesidere
537 832 672 904 imperat.
684 826 738 885 Rer
747 843 825 902 quae
834 826 991 887 insolentia
1001 831 1132 889 custodes
1144 830 1356 911 conjurationis
1369 839 1491 912 conscii,
1499 837 1578 913 qaod

349 937 401 980 res
413 927 490 997 erat,
501 927 573 997 rati,
588 941 618 983 so
633 921 704 982 dant
719 926 751 981 in
764 918 1082 998 fossampraecipite55
1096 923 1172 998 soris
1187 943 1254 983 vero
1268 927 1426 1006 conjurati,
1444 929 1495 987 eibi
1517 933 1576 990 eoi·

348 1009 488 1072 acasius
511 1017 605 1087 sipais
621 1015 853 1090 conjuratimsem
876 1009 1056 1086 patefactam
1079 1014 1257 1094 conjiciuat3
1267 1021 1383 1091 partim
1404 1017 1573 1095 frementes,

342 1111 460 1183 maim
481 1111 614 1184 trepidi,
641 1125 737 1168 omnes
759 1106 935 1182 festinantes
953 1107 1215 1184 ptochotraptieum
1227 1115 1369 1185 repetunt.
1382 1113 1428 1172 Ibi
1442 1115 1484 1173 ad
1495 1131 1573 1175 seira·

347 1210 428 1255 neam
452 1214 552 1256 rerum
575 1201 805 1274 desperationem
827 1198 947 1271 aimei,
969 1201 1093 1273 qusque
1113 1214 1197 1258 suum
1211 1204 1356 1258 aratorem
1369 1245 1377 1276 ,
1388 1207 1504 1278 primus
1518 1221 1573 1263 au·

346 1290 412 1346 ctos
434 1289 591 1347 incusabat
613 1287 764 1365 fulanam
787 1332 796 1362 ,
820 1292 847 1346 et
873 1291 998 1363 ancipiti
1021 1287 1098 1347 moto
1120 1307 1151 1348 se
1173 1293 1273 1366 asperi
1297 1291 1490 1373 iatettipuat,
1518 1311 1572 1354 uec

346 1397 408 1457 quo
431 1398 462 1440 se
487 1382 558 1441 dent
575 1387 756 1459 praecipites
780 1385 895 1443 sciant:
909 1379 986 1459 supa
1002 1380 1165 1457 dedinent,
1181 1399 1221 1441 aa
1234 1384 1361 1445 tumultu
1378 1376 1571 1463 praevertunt

346 1486 471 1547 poenas.
489 1471 544 1532 ms
560 1476 710 1535 sententiis
725 1477 873 1532 certatum.
892 1468 1035 1544 Sanprius
1049 1469 1144 1548 sapae
1164 1471 1202 1546 fit
1225 1478 1343 1534 auctor.-
1368 1498 1383 1532 ο
1401 1478 1567 1556 amomo,

349 1566 408 1636 ait,
420 1567 468 1622 sat
485 1564 605 1624 Caesari
618 1564 765 1642 impletam
775 1563 865 1639 tidem
878 1569 1021 1622 nemiuem
1034 1569 1111 1624 enim
1124 1581 1211 1640 pesse
1220 1564 1357 1642 potticeri
1369 1611 1377 1642 ,
1400 1586 1476 1645 quem
1497 1577 1567 1631 suat

346 1661 382 1716 iu
396 1659 509 1718 ditione
516 1656 667 1738 satanae,
673 1660 725 1718 irbi
738 1675 830 1736 repam
843 1662 1002 1719 causatori
1011 1661 1166 1735 petuntur,
1180 1664 1208 1718 et
1226 1659 1305 1735 sorte
1317 1662 1394 1723 mute
1402 1668 1568 1742 pupaatum

346 1751 399 1822 sit,
414 1750 461 1807 rei
472 1747 550 1806 mate
563 1753 659 1826 pestoc
672 1748 762 1808 daces
785 1766 845 1809 nou
858 1754 1010 1826 imputari.
1040 1748 1154 1823 (iuidai
1173 1753 1261 1827 item,
1288 1751 1340 1810 abi
1363 1771 1403 1811 ea
1415 1755 1562 1815 insidiis?

347 1840 376 1894 et
389 1836 465 1896 betto
478 1842 582 1913 utique
595 1839 763 1914 corporibus
779 1842 923 1914 imperari
933 1881 941 1913 ,
959 1855 1035 1913 quote
1047 1842 1078 1898 oi
1088 1846 1214 1898 coerceri
1228 1845 1349 1916 possis,
1370 1846 1403 1901 ia
1426 1830 1561 1924 conjura

346 1929 490 2007 tiendum,
506 1934 612 1990 ommis
622 1931 789 2007 parendum
803 1935 858 2007 quei
870 1947 928 1988 noa
951 1934 1012 1990 uisi
1020 1930 1148 2007 pudore,
1162 1936 1191 1989 et
1215 1931 1290 1992 bona
1312 1933 1375 2009 fide
1397 1940 1565 1996 contineam

341 2025 404 2094 eu,
417 2035 512 2095 mque
536 2018 745 2079 oeetudeadam
769 2024 860 2096 m'ans,
874 2035 951 2095 quae
964 2022 1006 2078 od
1019 2018 1213 2094 inficiandum
1236 2020 1356 2095 focinus
1367 2030 1461 2104 patei,
1482 2024 1562 2105 supa

339 2115 564 2173 eaim'iadicari
585 2132 672 2190 reos,
697 2117 749 2175 sect
772 2133 832 2175 noa
855 2118 999 2174 eoaoiuci.
1028 2114 1108 2187 Ouia
1126 2122 1154 2175 si
1178 2115 1302 2194 sapiant
1324 2123 1433 2196 intepri
1444 2163 1452 2196 ,
1480 2123 1565 2182 auito

340 2209 413 2263 ausi
425 2202 529 2262 reticio
541 2208 675 2283 aestimo,
687 2205 896 2265 eaeeondeseere
906 2208 938 2261 in
946 2202 1145 2280 profanorum
1154 2212 1329 2268 necessariis
1344 2209 1445 2269 odium
1454 2210 1566 2290 Hispa-

342 2315 466 2371 aarum‚·
481 2302 561 2360 unde
568 2299 711 2380 justiores
726 2302 763 2361 de
773 2306 888 2380 intepro
908 2299 975 2377 sore
988 2300 1127 2376 insidias,
1138 2307 1165 2362 et
1182 2306 1318 2364 Caesaris
1333 2312 1446 2367 nonani
1460 2325 1566 2370 coasu-

341 2389 483 2466 tendum3
498 2389 714 2469 conjurationes
728 2396 805 2450 emm
819 2409 879 2451 esse
891 2408 1000 2468 nmpaa
1014 2390 1225 2469 assectantium,
1241 2395 1383 2454 tumultus
1397 2414 1466 2456 aero
1481 2415 1500 2455 a
1515 2402 1564 2458 oi·
1596 2458 1599 2468 ,

338 2484 464 2545 tissineis
474 2485 611 2563 plebibus
624 2490 755 2546 eacitari
764 2507 790 2545 u.
805 2486 946 2568 Ejusdem
959 2492 1118 2547 sententiae
1131 2494 1174 2551 est
1188 2490 1406 2570 Ctossipaetus.
1422 2492 1460 2553 At
1478 2495 1566 2553 Gam-

338 2575 465 2637 bacurta
479 2575 657 2636 turbandum
670 2581 775 2656 censet,
790 2582 816 2636 et
830 2577 960 2658 ejusdem
973 2578 1070 2637 oeruis
1077 2580 1223 2657 populari
1228 2603 1242 2653 ‚·
1256 2581 1470 2662 conjurationis
1485 2585 1563 2644 dici·

336 2666 565 2730 sardicensis.-

382 2781 399 2815 α
415 2759 456 2820 Et
475 2762 621 2836 quidnam
644 2760 754 2837 retiqui
772 2757 897 2838 debetis,
916 2761 1002 2823 nullo
1015 2781 1115 2841 ceusu,
1130 2762 1216 2824 natta
1229 2764 1303 2843 tare,
1316 2766 1401 2826 auito
1420 2771 1563 2828 ammae?

338 2853 445 2914 latria
466 2861 611 2932 exterres,
627 2861 731 2917 vestiis
745 2857 947 2937 abominandi,
963 2863 990 2919 ct
999 2860 1094 2942 Juxta
1110 2861 1230 2921 Caesari
1242 2866 1271 2921 ei
1293 2860 1431 2939 Phiiippo
1444 2865 1560 2924 inuisi?

344 2949 428 3010 enus
440 2954 536 3028 initur
549 2955 591 3011 est
604 2950 712 3011 satutis
724 2954 850 3032 aradus,
861 2971 946 3029 quem
959 2953 1040 3012 ultra
1053 2959 1185 3030 citraque
1195 2960 1293 3014 onsaia
1307 2961 1374 3016 sum
1388 2960 1420 3014 ia
1430 2957 1560 3032 prosam·

335 3045 411 3104 dum
424 3046 552 3125 abrupto
563 3069 575 3118 ,·
588 3051 747 3123 tentemus3
762 3051 927 3126 desperatio
940 3051 1024 3127 serpet
1038 3051 1168 3126 quietern,
1181 3052 1235 3112 sed
1248 3050 1390 3109 eumatio.
1407 3052 1479 3111 Cum
1492 3051 1560 3111 aut-

333 3137 383 3197 tus
405 3141 440 3197 ia
456 3139 548 3198 Italia
563 3137 655 3199 hostis
670 3139 800 3218 Hispano
814 3140 941 3217 infestas
956 3144 1072 3202 nouum
1085 3146 1192 3218 operat,
1207 3145 1234 3199 ct
1246 3140 1342 3201 mutia
1356 3141 1559 3217 Hispanorum

334 3225 436 3287 millia
449 3229 521 3290 leuia
539 3230 608 3291 urbi
618 3231 772 3307 praesidio
786 3237 890 3310 essent,
900 3231 999 3308 piebis
1013 3228 1107 3289 tutum
1121 3247 1157 3289 oc
1173 3228 1287 3307 sordes,
1301 3245 1411 3289 aunum
1424 3229 1501 3308 tere,
1515 3235 1556 3288 ei·

333 3319 395 3378 uite
405 3319 514 3380 betium
537 3326 637 3381 eontra
656 3328 752 3398 sepios
768 3326 922 3382 traicerent
930 3343 942 3393 ,·
958 3339 1011 3381 aos
1030 3339 1097 3381 voro
1111 3322 1192 3381 dorni
1204 3320 1327 3397 aohites,
1348 3323 1558 3383 &maenarum

332 3416 443 3475 castris
456 3419 491 3473 in
505 3414 614 3476 Italiae
627 3415 796 3475 recedituttie
809 3418 927 3493 positis,
942 3417 1090 3493 capeditis
1105 3418 1285 3476 consciorum
1306 3414 1445 3489 auxiliis,
1457 3413 1552 3491 plebis

330 3528 399 3571 vera
418 3513 525 3575 studiis
543 3518 577 3572 ia
593 3514 745 3574 Caesarem
752 3515 878 3589 pronis,
894 3511 964 3570 arbe
988 3516 1106 3571 ommno
1119 3511 1231 3571 nudata
1237 3509 1414 3588 praesidiis,
1430 3509 1472 3585 [ia
1487 3515 1553 3589 ipso

332 3606 443 3662 emota
456 3605 680 3682 opprimemur?
697 3604 734 3666 Et
749 3603 883 3663 tuenda
893 3606 998 3679 occiso,
1010 3608 1037 3661 et
1051 3606 1191 3678 occupata
1205 3619 1283 3682 arce,
1292 3601 1470 3662 turbandum
1479 3607 1555 3674 erot‚·
1617 3595 1620 3599 ⁴

334 3709 375 3752 aa
388 3696 451 3752 ium
464 3694 613 3754 tmustior
634 3696 732 3770 turbo,
746 3699 819 3772 quia
833 3695 943 3752 tutior?
956 3692 1025 3751 Noa
1039 3692 1190 3770 tumultus,
1204 3693 1257 3752 sed
1279 3708 1398 3752 caussae
1418 3697 1555 3767 spectan-

332 3783 414 3857 dae,-
428 3785 534 3847 oitium
541 3787 674 3865 plebium
686 3787 770 3861 uites,
781 3791 835 3863 qui
845 3804 903 3863 pro
915 3784 970 3845 oiti
984 3783 1067 3843 lucro
1081 3788 1266 3859 excitantur,
1277 3800 1332 3859 pro
1346 3787 1444 3861 repais
1456 3781 1554 3843 uindi-

332 3884 448 3960 canda,
462 3889 558 3962 reptos
582 3902 642 3944 esse
659 3904 687 3941 u.
709 3885 917 3945 Gariemcurtae
936 3886 1106 3941 seutentiam
1119 3880 1240 3941 Malitia
1260 3881 1491 3939 constantissimo
1503 3897 1551 3939 ur·

330 3977 389 4051 pet,
400 3979 501 4050 iteum
514 3975 649 4035 obtinuit.
666 3975 720 4035 Per
733 3990 797 4034 erim
811 3980 907 4052 ipsam
921 3975 1038 4034 Proreoe
1047 3976 1205 4049 postquam
1219 3987 1325 4048 arcem,
1335 3986 1409 4030 νοοοο
1420 3974 1551 4030 ιὀοοιίεοο

330 4065 548 4143 praesidiante
571 4071 756 4126 stationariis
771 4065 932 4147 conjuratis
948 4063 1090 4128 Cantetmi
1113 4062 1404 4140 apostataverat,
1421 4064 1458 4122 de
1478 4079 1547 4123 eoa·

325 4153 546 4230 adeodatae
569 4158 783 4240 conjuratimtis
798 4155 964 4216 auctoribus
988 4171 1054 4213 cam
1066 4154 1216 4214 Medieaeo
1228 4152 1420 4213 consultabat.
1442 4153 1548 4234 Neque

327 4250 406 4306 crum
417 4248 455 4307 de
464 4253 607 4309 amiurno
619 4249 701 4326 fare,
716 4254 768 4307 aut
781 4253 898 4325 raptore
912 4248 1039 4323 cirpim's
1062 4244 1214 4322 epotator.
1230 4243 1308 4303 Nam
1321 4258 1428 4321 mapna
1442 4241 1547 4323 conju·

329 4347 464 4402 satorum
478 4343 614 4404 indicata
627 4351 748 4406 noaeiua
762 4349 951 4421 maeoditem
965 4343 1139 4421 portendere
1146 4339 1336 4422 judicabant,
1352 4343 1379 4399 et
1393 4357 1483 4418 supra
1506 4345 1548 4403 te·

327 4447 399 4492 aues
414 4433 616 4509 Hispanorum
629 4439 707 4494 circs
717 4439 750 4494 in
763 4435 833 4494 urbe
843 4437 987 4511 promissi
1001 4429 1141 4490 tumuitus
1156 4429 1284 4490 tristabat
1306 4432 1394 4488 timor
1407 4430 1488 4506 quod
1502 4447 1548 4491 res

324 4529 442 4589 edocuit
449 4551 461 4599 ,·
476 4547 546 4591 narn
561 4532 710 4611 conjurati
724 4537 835 4593 concito
849 4536 928 4591 mot-u
942 4533 1006 4587 iras
1021 4531 1164 4604 ocenipant
1178 4530 1335 4605 raptorum.

364 4625 471 4702 Itomae
483 4634 551 4688 ausi
556 4634 723 4703 pertinaces
736 4633 907 4707 intempesto
921 4629 1003 4686 aocie
1015 4640 1081 4683 cum
1091 4642 1188 4701 parua
1202 4627 1381 4682 ormamum
1394 4621 1545 4681 homiuum

323 4740 426 4799 annau,
435 4730 599 4803 pessimum
623 4733 787 4806 incoeptant
806 4727 927 4804 sueinus
935 4747 946 4796 ,·
962 4729 988 4786 ct
1002 4739 1079 4801 quae
1093 4722 1158 4784 toea
1169 4723 1259 4783 m'tiar
1267 4720 1354 4799 pleis
1378 4721 1496 4795 iaeottt,
1509 4737 1544 4777 eo
