3942 5592
437 473 496 542 ree

389 590 467 651 omni
483 589 541 651 vita
556 589 762 666 aequabilitas,
779 589 855 650 idem
870 605 988 667 semper
1002 591 1082 660 esset
1094 586 1207 659 vultus,
1223 587 1325 649 eadem
1341 587 1423 650 lrnns
1434 604 1553 666 semper
1563 603 1611 650 es-

390 691 448 749 set.
464 691 561 768 etque
577 687 605 749 id
616 688 735 764 quidem
749 704 820 748 sane
833 690 934 766 nostra
947 685 1074 747 lleroina
1086 685 1251 748 incredibili
1264 702 1333 747 rum
1347 685 1542 748 admiratione
1553 700 1610 764 op·

380 784 532 850 >timorum
544 783 697 863 praestitit
712 803 746 847 au
763 782 906 864 perfecit:
921 783 1162 861 quandoquidem
1173 786 1290 843 ‘lanum
1305 783 1403 844 animo
1415 785 1554 863 extruxit
1564 784 1611 843 at·

389 878 565 948 titudinem,
582 880 847 957 excellentiamque
872 877 1007 955 virtutis,
1024 882 1059 939 ut
1074 877 1127 953 ibi,
1153 881 1305 956 tamquam
1332 877 1360 938 in
1376 878 1497 956 amenta
1517 895 1613 942 excu-

391 973 476 1045 bans,
492 973 589 1039 omnia
601 973 726 1035 bumaria
742 974 924 1052 perspiceret
937 972 992 1048 sic,
1009 977 1042 1033 ut
1057 972 1085 1032 ei
1096 971 1168 1032 nibil
1179 972 1369 1050 improvisum
1384 971 1518 1034 accidere
1536 988 1606 1048 pos·

390 1073 448 1133 set.
463 1069 499 1128 dt
515 1074 550 1130 ut
564 1071 714 1148 praeclara
734 1076 834 1133 tantae
849 1071 972 1132 virtutis
986 1070 1121 1148 pericula
1138 1071 1259 1142 iaceret,
1276 1070 1408 1131 Fortuna
1429 1086 1464 1131 ac
1478 1069 1606 1133 Natura.

389 1179 467 1239 quae
481 1178 617 1240 magnam
633 1163 661 1225 in
675 1169 834 1242 utramque
849 1167 965 1242 partem
979 1163 1039 1224 vim
1052 1164 1172 1239 babent,
1189 1179 1225 1224 eo
1239 1162 1328 1222 simul
1342 1162 1435 1224 etiam
1450 1163 1604 1240 conspira-

389 1263 477 1323 runt:
500 1262 612 1322 etenim
627 1263 876 1338 quemadmodum
893 1261 972 1323 illam
991 1265 1038 1321 tot
1052 1260 1190 1323 oecundis
1203 1262 1293 1322 rebus
1308 1260 1462 1337 insigniter
1475 1277 1603 1323 exorna·

390 1360 472 1431 runt,
490 1360 524 1418 ut
547 1375 586 1418 ex
603 1358 638 1417 iis
654 1358 823 1419 innumeras
845 1361 876 1418 et
891 1357 1036 1443 manimas
1049 1361 1168 1436 caperet
1190 1357 1392 1436 jucunditates
1415 1343 1596 1433 ciliciorum,

387 1449 581 1523 quamobrem
593 1452 674 1509 esset
684 1449 820 1529 apprime
830 1448 913 1520 ietix,
927 1449 968 1507 ita
981 1446 1115 1510 eamdem
1125 1448 1201 1510 adeo
1214 1448 1330 1510 afflictis
1345 1448 1473 1510 torturis
1483 1452 1603 1529 percul-

389 1551 505 1617 serunt,
523 1551 557 1607 ut
573 1546 696 1627 proinde
711 1548 798 1625 pleno
812 1545 1009 1608 miserationis
1024 1546 1168 1607 vocabulo
1190 1545 1296 1606 orbata
1321 1544 1379 1617 dici
1393 1545 1538 1609 deberet:
1554 1568 1604 1611 or·

389 1642 472 1721 bata,
489 1641 637 1717 nimirum,
653 1643 824 1720 parentibus
837 1641 1060 1715 amantissimis,
1077 1643 1182 1703 orbata
1194 1643 1406 1705 amabilissimo
1429 1644 1505 1721 viro,
1522 1662 1601 1722 quos

388 1742 422 1798 ut
436 1740 540 1802 oculos
554 1757 627 1802 suos
641 1741 773 1813 amabat,
791 1741 863 1818 ipsis
883 1741 977 1801 oculis
993 1745 1062 1801 octo
1074 1745 1145 1802 ante
1158 1743 1288 1800 mortem
1303 1757 1397 1802 annos
1411 1743 1528 1805 orbata.
1545 1741 1603 1802 Or-

386 1836 454 1897 bata
470 1836 657 1912 pare'ntibus,
674 1838 808 1898 maximis
820 1837 1065 1915 gravissimisque
1080 1837 1170 1899 rebus
1183 1838 1422 1917 spectatissimis,
1435 1840 1488 1900 sed
1504 1840 1533 1901 in
1546 1841 1607 1918 pri·

387 1930 444 1990 mis
458 1931 604 2008 probatis,
622 1932 702 2008 quod
718 1932 843 2009 effigiem
859 1931 979 1994 virtutis
992 1948 1026 1993 ac
1041 1923 1199 2010 probitatis
1212 1948 1285 1992 suae
1301 1936 1413 1993 tantam
1437 1933 1542 1994 Filiam
1558 1951 1605 1994 re·

387 2024 545 2102 liquerint:
562 2026 665 2087 orbata
691 2026 754 2085 viro
767 2024 950 2098 dulcissimo,
966 2025 1099 2103 quicum
1123 2042 1158 2087 ea
1171 2042 1273 2086 amore
1294 2040 1411 2085 summo
1426 2041 1604 2102 summaque

386 2117 443 2178 lide
456 2118 600 2180 certavit:
616 2119 719 2181 orbata
731 2120 836 2189 oculis,
848 2137 925 2196 quos
939 2124 1019 2181 tanta
1032 2119 1199 2181 bumilitate
1213 2121 1240 2179 iu
1252 2121 1354 2191 ileum
1369 2124 1450 2181 tanta
1460 2121 1604 2182 comitate

387 2217 415 2276 in
429 2217 588 2295 supplices,
601 2221 681 2278 tanta
696 2218 885 2277 miseratione
900 2218 926 2277 in
943 2234 1092 2295 pauperes
1105 2216 1267 2293 dirigebat.
1279 2217 1337 2278 Sed
1350 2219 1404 2278 bae
1419 2218 1544 2279 acerbae
1555 2225 1606 2278 o'r·

385 2311 496 2373 bitates
511 2313 627 2391 abipsa
654 2315 725 2374 mira
741 2313 915 2374 tortitudine
936 2330 1003 2374 cum
1018 2313 1106 2373 animi
1121 2314 1230 2374 laetitia
1256 2319 1496 2391 compensantur,
1512 2332 1604 2390 quam

384 2407 462 2485 capit
477 2425 514 2468 er
530 2408 680 2478 memoria,
695 2409 776 2485 quod
791 2409 964 2485 parentibus
979 2409 1171 2485 amplissimis
1181 2427 1297 2470 omnem
1311 2412 1465 2492 honorem,
1480 2428 1605 2472 uenera-

278 2566 280 2572 ,
383 2505 493 2565 tionem
506 2520 540 2565 ac
555 2507 762 2575 reverentiam,
779 2523 869 2582 quam
889 2509 960 2566 sunt
976 2507 1087 2582 meriti,
1111 2505 1275 2586 praestitit:
1292 2507 1373 2584 quod
1398 2508 1602 2585 praeclarissi-

385 2616 465 2660 mum
478 2599 587 2677 virum,
602 2604 637 2659 ut
649 2605 713 2662 erat
727 2606 850 2680 propter
864 2603 1031 2662 innumeras
1047 2606 1213 2664 suavitates
1226 2602 1333 2678 ingenii
1349 2619 1384 2663 ac
1394 2603 1527 2679 virtutis,
1540 2602 1602 2663 sin·

383 2692 480 2771 gulari
492 2709 592 2753 amore
602 2694 720 2772 dignus,
733 2693 859 2755 amavit:
875 2695 955 2771 quod
968 2696 1064 2760 oculis
1076 2705 1224 2773 nunquam
1240 2697 1354 2773 accepit
1364 2696 1516 2757 levitatum
1533 2696 1606 2757 ima·

385 2789 481 2868 pines,
497 2794 657 2870 atsemper
671 2793 827 2855 simulacra
839 2792 996 2855 virtutum.
1009 2795 1084 2868 Quin
1094 2795 1183 2859 etiam
1199 2811 1277 2856 nunc
1290 2793 1408 2854 tandem
1425 2793 1467 2853 ait
1482 2793 1538 2853 sibi
1550 2792 1603 2853 da·

384 2892 449 2947 tum
461 2905 528 2949 esse
543 2905 611 2949 vera
627 2890 772 2951 humanae
787 2893 910 2950 naturae
936 2907 1058 2951 vnunera
1075 2890 1158 2952 obire
1183 2891 1319 2951 nimirum
1335 2889 1434 2951 animo
1453 2905 1601 2960 cernere,

382 2985 526 3046 rationem
552 2986 664 3047 ratione
685 2986 797 3062 nidere,
813 2992 844 3049 et
864 2988 907 3048 sic
924 2987 1031 3047 intueri
1048 2987 1201 3062 uirtutem,
1222 2994 1253 3049 et
1275 2987 1469 3065 contemplari
1484 2986 1600 3055 Deum:

382 3096 450 3140 eum
471 3080 499 3141 in
513 3081 630 3142 bomine
646 3099 760 3142 summa
782 3082 876 3143 omnis
891 3082 931 3142 sit
946 3081 1048 3154 animi,
1073 3082 1100 3142 in
1115 3080 1213 3142 animo
1235 3079 1371 3153 rationis,
1388 3079 1416 3141 in
1431 3080 1546 3141 ratione
1560 3079 1604 3140 al-

383 3175 529 3237 tissimum
546 3181 576 3237 et
588 3177 714 3239 maxime
725 3179 919 3240 excellentem
934 3180 1036 3239 teneat
1050 3177 1147 3237 locum
1160 3177 1268 3247 virtus,
1282 3191 1359 3252 quae
1372 3175 1435 3235 sola
1451 3173 1601 3234 hominem

382 3272 419 3332 ad
441 3272 533 3334 Qum
551 3275 673 3352 propius
697 3275 851 3337 visendum
867 3274 1051 3336 manuducit.
1070 3274 1180 3334 Tantos
1206 3273 1247 3332 itli
1261 3288 1311 3332 res
1325 3271 1466 3330 adversae
1487 3268 1603 3329 animos

384 3366 573 3446 addiderunt,
591 3374 623 3430 ul
645 3372 725 3431 hisce
740 3370 979 3432 dimicationibus
993 3386 1062 3430 cum
1076 3369 1203 3430 adverso
1222 3385 1293 3429 casu
1310 3366 1419 3427 virtute
1435 3365 1536 3436 iactis,
1552 3381 1602 3423 re·

387 3463 442 3521 tuti
459 3465 630 3526 umbratiles
653 3482 744 3543 agens
768 3483 893 3544 pugnas,
910 3483 977 3525 sese
994 3467 1116 3544 pararet
1139 3462 1167 3523 in
1181 3467 1317 3523 extremo
1338 3460 1415 3520 vitae
1428 3456 1601 3519 discrimine

384 3557 473 3615 morti
485 3546 656 3619 adventanti
672 3561 716 3618 vel
732 3560 861 3633 obviam,
877 3561 901 3620 si
916 3577 994 3638 opus
1008 3562 1099 3630 esset,
1113 3556 1285 3635 procedere.
1300 3559 1338 3614 at
1348 3571 1441 3629 mors,
1455 3554 1532 3613 eheu
1545 3554 1601 3612 mi·

382 3651 502 3711 serum!
519 3649 546 3710 in
568 3652 665 3712 medio
679 3669 769 3712 cursu
785 3653 846 3727 jam
863 3654 994 3717 advenit.
1015 3655 1086 3713 Date
1100 3654 1158 3726 hic,
1176 3653 1255 3723 dale,
1273 3643 1429 3729 lacrymae,
1452 3648 1542 3710 dictis
1554 3647 1596 3705 lo-

386 3762 466 3821 cum,
485 3765 520 3808 ac
536 3747 622 3808 sinite
634 3765 682 3810 me
696 3767 763 3810 rum
778 3753 875 3828 aliqua
891 3751 988 3828 specie
1001 3751 1182 3811 tortitudinis
1197 3765 1318 3809 narrare
1332 3749 1439 3808 mirum
1453 3764 1489 3806 ac
1504 3745 1600 3806 incre·

382 3841 483 3916 dibile,
499 3845 578 3920 quod
590 3844 652 3924 ipsa
667 3845 747 3907 dedit
763 3847 899 3907 heroicae
916 3848 1035 3907 virtutis
1050 3848 1211 3925 specimen,
1228 3845 1298 3907 dum
1321 3845 1398 3906 ittam
1414 3842 1602 3903 viriliterea·

382 3939 555 4016 cipit,.dum
579 3925 657 4041 istim
680 3943 796 4003 sortiter
809 3944 943 4023 oppetit:
958 3945 1046 4004 sinite
1061 3960 1108 4004 me
1122 3960 1255 4016 narrare,
1271 3958 1331 4020 quo
1353 3944 1453 4020 pacto,
1469 3938 1540 3998 dum
1557 3941 1602 3998 lot

383 4035 520 4095 tortrrnae
535 4035 631 4112 bonis,
647 4039 736 4099 tantis
751 4043 875 4100 naturae
889 4040 1081 4115 ornamentis,
1094 4057 1128 4100 ac
1140 4043 1200 4099 mm
1207 4038 1350 4118 jucrrrrdis
1362 4037 1482 4102 virtutis
1493 4032 1600 4094 ciliciis

382 4129 572 4193 acerbissime
587 4135 715 4212 rapitur,
731 4153 835 4197 omnes
846 4136 980 4198 excelsas
993 4141 1083 4213 atque
1098 4135 1221 4196 invictas
1238 4132 1418 4194 tortitudinis
1432 4129 1557 4191 comites
1570 4127 1598 4188 in

380 4222 444 4283 altu
465 4226 560 4299 atque
573 4231 676 4287 erecto
699 4229 797 4290 animo
812 4230 937 4308 excitat,
956 4230 996 4290 ita
1021 4235 1055 4290 ut
1067 4228 1264 4290 humanarum
1291 4244 1389 4288 rerum
1403 4222 1596 4303 despicientia

381 4319 489 4393 omnia,
501 4325 531 4381 et
543 4323 668 4384 maxima
679 4327 766 4402 bona,
781 4330 889 4405 quibus
901 4329 992 4391 vitam
1006 4329 1107 4403 babet,
1123 4327 1165 4388 sic
1177 4327 1290 4387 ulnibit
1303 4340 1405 4402 supra,
1418 4323 1595 4390 contortam,

380 4412 462 4488 regio
476 4413 581 4491 spiritu
596 4418 713 4479 omnino
728 4426 907 4484 contemnat.
925 4421 1099 4484 Constantia
1122 4439 1194 4482 vero
1207 4419 1392 4497 aequabilem
1409 4420 1486 4478 vitae
1501 4417 1593 4476 ratio·

380 4526 446 4570 uem
468 4511 505 4571 ad
527 4517 698 4593 supremum
716 4536 809 4595 usque
831 4521 969 4598 spiritum
983 4539 1051 4583 cum
1064 4523 1210 4598 gravitate
1228 4519 1367 4578 retincat.
1383 4511 1543 4590 Patientia,
1562 4520 1598 4576 ut

377 4605 581 4668 acerbissimos
595 4609 801 4673 dissolutionis
817 4619 942 4675 naturae
953 4616 1072 4676 dolores
1085 4611 1224 4674 alacriter
1234 4608 1441 4691 perpetiatur:
1457 4624 1492 4669 ac
1505 4608 1596 4668 animi

377 4696 505 4775 denique
518 4699 688 4778 Magnitudo
704 4710 813 4768 tantam
826 4713 947 4786 appetat
960 4726 1034 4782 rem,
1048 4710 1160 4783 quanta
1170 4722 1204 4766 ea
1216 4708 1275 4777 est,
1289 4722 1347 4764 non
1361 4701 1524 4778 hominum,
1538 4704 1592 4763 sed

377 4789 507 4852 lteroum
531 4810 613 4856 more
628 4794 754 4862 mortem
768 4801 862 4864 obire.
882 4801 920 4862 Et
938 4803 1060 4880 quidem
1083 4814 1154 4862 sane
1168 4815 1205 4860 eu
1219 4797 1315 4876 magis
1337 4795 1534 4860 admiratione
1550 4797 1596 4858 di-
