3942 5592
439 560 598 634 bileretur,
613 555 792 638 peregisset,
805 570 840 615 ea
854 552 891 614 ad
906 550 1028 630 imperii
1038 550 1130 612 decus
1144 564 1333 627 summopere
1348 548 1501 628 pertinere
1515 543 1534 608 ‘i
1549 545 1575 607 0
1589 547 1670 608 satu-

434 657 601 722 nerrtmarn
614 654 773 732 Hispaniae
799 652 841 712 rei
856 651 1012 713 uniuersae
1026 648 1209 725 opinionem,
1224 665 1300 724 3333
1316 648 1343 708 in
1359 647 1452 725 liujus
1475 645 1608 707 animum
1624 643 1667 703 in·

440 756 564 822 duxisti,
581 758 617 815 ut
628 757 807 815 cunctorum
824 749 916 808 terme
929 747 1071 820 omnium,
1083 745 1134 822 331
1148 744 1303 806 1131311331
1315 745 1352 805 ab
1363 744 1491 805 dirersis
1501 743 1670 807 ditionibus

439 854 512 931 ltegi
524 853 670 933 subjectis
682 853 727 912 331
740 849 863 911 meritos
877 849 1006 908 honores
1017 844 1159 923 petitum,
1170 844 1215 904 vet
1225 845 1301 922 iuris
1313 842 1360 904 sui
1372 843 1551 919 experiundi
1563 859 1670 906 caussa

441 951 643 1025 continerent,
668 967 701 1009 se
717 949 874 1008 Patronem
890 945 1073 1023 praestaret.
1092 943 1131 1000 111
1150 959 1241 1017 33331
1256 946 1459 1018 quantamque
1481 942 1669 1002 Patronem!

441 1063 508 1106 eum
524 1043 560 1102 de
576 1044 632 1103 hoe
646 1040 714 1122 ejus
729 1037 904 1119 patrocinio,
924 1034 980 1097 etsi
996 1032 1122 1112 plurima
1136 1033 1226 1108 hona,
1244 1038 1338 1111 31333
1351 1049 1385 1094 ea
1398 1033 1519 1111 quidem
1543 1031 1666 1111 plurimi

433 1137 515 1200 'boni
541 1138 674 1208 narrent,
692 1149 841 1208 nunquam
857 1134 956 1190 tamen
981 1144 1014 1187 se
1029 1127 1104 1186 satis
1120 1141 1256 1186 narrasse
1271 1126 1380 1187 dicant.
1408 1124 1467 1187 Nec
1480 1125 1596 1203 331333
1609 1122 1668 1186 sibi

445 1234 520 1296 satis
534 1232 647 1294 dixisse
670 1231 820 1306 ridentur,
838 1233 872 1291 ut
895 1229 954 1288 troc
969 1225 1111 1286 eximium
1127 1226 1326 1300 patrocinium
1350 1242 1406 1285 non
1429 1224 1602 1302 implorata,
1619 1222 1672 1284 sed

447 1331 528 1392 ultro
542 1330 742 1408 suscipiebat3
759 1342 854 1403 33333
870 1325 898 1384 id
910 1322 1106 1400 quorumdam
1118 1321 1286 1396 dumtaxat,
1296 1322 1347 1382 sed
1360 1324 1517 1394 omnium,
1530 1337 1585 1382 nec
1599 1337 1668 1381 cnm

449 1423 552 1501 aliquo
567 1436 761 1501 personarum
783 1418 965 1491 discrimine,
981 1415 1034 1476 sed
1050 1430 1108 1474 uno
1120 1415 1285 1475 officiorum
1300 1419 1424 1475 seruato
1438 1413 1557 1476 delectu
1572 1457 1582 1489 ,
1599 1431 1668 1474 eum

445 1533 544 1593 aeque
559 1515 666 1577 bonam
688 1514 766 1593 apud
782 1495 847 1575 eam
862 1509 991 1588 gratiam
1008 1512 1196 1569 mererentur
1211 1509 1304 1584 etqui
1320 1525 1438 1569 summo
1452 1513 1482 1570 et
1496 1508 1548 1586 331
1564 1508 1664 1568 intimo

448 1613 514 1672 loco
535 1611 595 1671 nati
609 1612 724 1684 essent,
742 1610 774 1667 et
788 1605 839 1682 331
855 1604 1112 1665 commendatione
1127 1605 1256 1665 nirnrnm
1282 1603 1464 1683 principum,
1483 1608 1517 1664 et
1538 1602 1668 1681 3313313

446 1708 526 1768 111133
541 1707 597 1770 tide
612 1707 678 1768 treti
694 1707 730 1768 ad
742 1705 878 1767 eamdem
895 1689 1088 1765 accederent:
1104 1703 1174 1763 drrm
1186 1708 1285 1763 tamen
1297 1719 1391 1781 33333
1406 1707 1490 1764 esset
1502 1703 1548 1762 sui
1567 1705 1668 1780 patro-

444 1801 512 1863 cinii
526 1800 666 1864 exorandi
683 1800 711 1862 in
728 1800 881 1878 aequitate
899 1798 994 1875 posita
1010 1798 1096 1859 ralia.
1118 1797 1220 1876 Neque
1240 1799 1330 1859 etiam
1347 1817 1379 1858 se
1395 1799 1469 1859 satis
1483 1796 1599 1858 dixisse
1615 1816 1670 1875 pu·

445 1897 525 1967 tant,
538 1894 616 1971 quod
628 1893 664 1954 ad
677 1896 768 1955 hosce
791 1877 895 1953 omnes
910 1891 1424 1954 3313133313113133331333333313
1438 1894 1601 1953 honestate
1618 1893 1672 1954 im·

444 1988 624 2067 pelleretur,
640 1989 792 2066 quodque,
808 1988 831 2047 si
849 1989 922 2047 haec
937 1985 1069 2055 adesset,
1083 1988 1196 2047 nultum
1207 1987 1297 2049 cilicii
1312 2006 1409 2068 genus
1425 1988 1671 2062 arcitenensis

447 2081 473 2142 in
503 2081 565 2159 ipsa
582 2100 626 2154 re,
644 2083 706 2142 sire
733 2081 760 2141 in
778 2082 891 2141 honore
907 2081 1067 2140 uerborum
1083 2081 1215 2157 positum
1230 2086 1323 2154 esset,
1338 2081 1419 2158 qrrod
1442 2082 1479 2141 ad
1495 2080 1669 2141 eorumdem

444 2173 644 2246 commodum,
664 2174 708 2233 sel
722 2172 947 2250 arriplitndinem
961 2171 1137 2249 pertineret.
1150 2171 1209 2232 Nec
1220 2172 1347 2251 deniqne
1362 2191 1394 2235 se
1406 2173 1480 2234 satis
1494 2173 1607 2234 dixisse
1625 2174 1668 2234 in·

447 2269 597 2347 telligunt,
616 2272 650 2327 31
678 2267 706 2326 13
723 2281 901 2343 unoquoque
915 2265 1014 2325 officio
1028 2265 1217 2342 suscipiendo
1232 2269 1310 2326 nnlln
1326 2268 1504 2345 exceptione
1518 2271 1571 2327 aul
1587 2268 1672 2328 tabo·

447 2363 501 2436 ris,
518 2366 571 2423 ant
593 2362 809 2438 occupationis,
825 2366 877 2420 331
894 2361 1039 2436 temporis
1056 2366 1215 2437 uteretur;
1232 2381 1267 2424 ac
1283 2365 1310 2423 in
1324 2364 1430 2424 eodem
1448 2365 1554 2426 deinde
1570 2382 1671 2443 perse·

446 2460 564 2534 spuendo
578 2474 696 2520 omnem
711 2476 846 2536 operam,
862 2476 965 2519 curam
981 2475 1016 2517 uc
1031 2459 1215 2536 diligentiam
1240 2462 1395 2523 adhiberet
1410 2478 1419 2537 ;
1440 2479 1476 2524 ac
1496 2480 1534 2523 eo
1549 2463 1671 2524 tandem

445 2552 596 2627 absoluto,
611 2552 707 2612 nullas
731 2552 849 2612 omnino
866 2555 1024 2628 pateretur
1049 2552 1104 2612 sibi
1120 2552 1251 2615 beneficii
1268 2556 1384 2616 nomine
1411 2556 1526 2633 gratias
1541 2557 1610 2633 ugi;
1627 2555 1672 2616 di·

445 2646 566 2720 etitans,
582 2661 660 2722 quae
670 2642 736 2703 aliis
750 2660 831 2704 mera
844 2641 1056 2704 beneticentiae
1071 2660 1199 2705 marnera
1216 2645 1447 2723 riderentur,·ea
1462 2648 1519 2719 sibi
1534 2664 1601 2709 esse
1615 2650 1669 2709 ab·

446 2740 645 2804 solutissimae
665 2741 803 2821 justitiae
818 2745 931 2820 partes.
950 2741 1137 2818 Audivimus,
1157 2741 1303 2819 inquiunt,
1326 2745 1381 2822 ipsi
1402 2746 1572 2807 audirimus
1588 2748 1667 2809 illurn

445 2838 619 2918 saepissime
640 2840 799 2914 dicentem,
819 2855 917 2898 secum
943 2839 1093 2917 praeclare
1115 2857 1183 2901 cum
1200 2840 1341 2906 1311311313
1363 2847 1466 2904 actum
1490 2859 1570 2919 esse,
1586 2845 1669 2921 quod

446 2949 523 2993 suus
534 2931 577 2992 vir
592 2932 795 3010 amplissimus
808 2932 902 3010 primo
918 2931 1032 3009 imperii
1045 2934 1155 2994 bonore
1168 2938 1236 3010 post
1251 2935 1360 3010 Regem
1375 2936 1503 2995 dentatus
1519 2942 1616 3012 esset3
1632 2942 1668 2999 31

445 3028 571 3102 nullum,
585 3029 720 3105 qrrarnris
743 3027 903 3087 maximum
919 3026 1005 3087 cilicii
1020 3044 1115 3106 genus
1129 3033 1209 3089 esset
1231 3033 1285 3088 aut
1299 3029 1402 3107 studii,
1422 3030 1502 3089 nulla
1518 3046 1580 3105 res,
1610 3029 1669 3088 etsi

445 3143 536 3204 snpra
553 3126 671 3186 modnm
687 3126 793 3199 ardua,
811 3142 889 3202 quae
906 3124 1001 3186 netad
1018 3126 1180 3186 utilitatem
1202 3128 1247 3186 331
1263 3128 1440 3204 dignitatem
1458 3129 1593 3189 omnium
1610 3127 1668 3188 sibi

445 3220 537 3282 331311
552 3219 706 3280 3113313133
716 3219 782 3298 jure
795 3219 999 3280 deductorum
1014 3223 1177 3295 spectaret,
1193 3236 1284 3296 quam
1301 3238 1356 3281 non
1372 3221 1509 3299 aggredi,
1527 3238 1590 3281 non*
1600 3238 1668 3299 per·

370 3367 374 3375 ,
447 3318 547 3395 sequi,
562 3335 618 3377 non
633 3318 760 3394 denique
782 3318 923 3395 perticere
937 3321 1109 3381 conaretur.
1127 3318 1273 3395 Vidimus,
1290 3319 1384 3398 ajunt,
1410 3319 1464 3397 ipsi
1482 3319 1611 3380 uidimus
1636 3319 1670 3380 il·

448 3411 505 3470 lam
529 3427 584 3488 per
598 3409 702 3470 Dirum
723 3410 835 3486 templa
852 3410 1025 3490 saepissime
1040 3415 1279 3482 concursantem,
1297 3411 1496 3488 amplissimos
1512 3410 1671 3472 Senatores

449 3524 529 3567 nunc
550 3521 667 3568 summa
683 3506 834 3581 aequitate
849 3509 1017 3584 rogantem,
1034 3524 1111 3567 nunc
1127 3507 1200 3566 mira
1215 3508 1302 3570 animi
1320 3507 1496 3569 tortitudine
1521 3512 1672 3586 esposlu·

448 3600 569 3674 lantem,
587 3602 622 3659 31
641 3601 690 3676 jus
715 3597 874 3674 unicuique
889 3616 1024 3673 suorum,
1042 3604 1075 3659 ut
1090 3599 1130 3659 113
1145 3600 1253 3673 dicum,
1268 3602 1410 3663 clientum
1434 3620 1488 3679 pro
1515 3603 1669 3679 dignitate

449 3696 629 3758 tribuerent.
647 3695 722 3770 Quid
736 3696 837 3772 itaque
849 3695 986 3766 interest,
999 3694 1078 3772 qnod
1092 3697 1421 3759 masimisexercitibus
1435 3698 1598 3760 fortissime
1612 3714 1670 3758 non

448 3792 617 3870 imperarit,
634 3790 704 3853 cum
718 3795 801 3853 tanta
816 3792 904 3855 animi
919 3792 1093 3855 tortitudine
1109 3796 1305 3872 praestiterit,
1322 3801 1355 3857 31
1370 3796 1551 3877 imperarent
1568 3797 1670 3857 tortis·

448 3891 514 3955 simi
532 3889 753 3969 imperatores?
775 3892 863 3965 Quid,
875 3893 955 3969 quod
972 3893 1000 3953 in
1015 3893 1205 3970 amplissimis
1220 3895 1319 3971 regnis
1332 3894 1422 3971 Regis
1439 3895 1517 3955 vices
1531 3894 1666 3971 iustissi-

449 4001 497 4044 me
512 4001 569 4044 non
584 3985 690 4061 gessit,
707 4003 774 4045 cum
803 3989 883 4045 tanta
899 3985 1018 4065 justitia
1032 3986 1195 4062 sumserit,
1212 3992 1247 4046 31
1263 3988 1298 4047 113
1311 3987 1469 4064 justissimi
1487 3987 1542 4047 uiri
1560 3988 1673 4050 Princi-

449 4094 504 4155 pes
518 4075 769 4153 praeficerentur?
781 4079 871 4152 Quid,
887 4080 965 4157 quod
979 4095 1035 4138 suo
1049 4081 1186 4156 exemplo
1198 4096 1295 4157 33333
1312 4083 1339 4140 in
1354 4083 1429 4156 acie,
1448 4098 1544 4158 neque
1562 4080 1590 4139 in
1609 4082 1673 4142 1333

449 4171 579 4230 erexerit
595 4176 647 4231 aut
662 4174 806 4245 militum,
821 4177 877 4234 aut
892 4171 1240 4252 jusdicentiumlanimos
1254 4177 1293 4236 ad
1309 4176 1456 4252 praeclara
1473 4177 1536 4235 3133
1553 4175 1671 4238 1331113·

449 4263 527 4325 dinis
555 4263 616 4321 sire
631 4263 764 4338 justitiae
780 4264 924 4340 facinora,
940 4281 1009 4324 cum
1025 4265 1097 4325 haec
1124 4265 1185 4343 1333
1202 4283 1323 4328 munera
1352 4269 1472 4345 egregie
1497 4269 1671 4347 impleverit

448 4356 565 4430 officiis,
578 4358 688 4432 quibus
711 4358 846 4434 perteeit,
862 4364 895 4418 31
907 4358 937 4418 hi
952 4373 1054 4418 omnes
1070 4359 1185 4419 meritis
1201 4362 1350 4438 praemiis,
1366 4378 1443 4437 quae
1465 4363 1612 4424 uirtutum
1628 4366 1674 4428 in·

362 4475 369 4499 ι
449 4452 610 4513 3113313313
626 4450 696 4509 3331
713 4448 1232 4528 31331333,(1333333133111333331
1255 4469 1335 4530 sane,
1352 4471 1407 4514 non
1424 4460 1491 4514 erat
1509 4456 1674 4522 31313313·

449 4542 584 4604 tharinae
599 4543 762 4619 aragoniae
776 4543 957 4621 hujusmodi,
973 4547 1007 4603 31
1020 4545 1096 4604 intra
1107 4550 1207 4605 certos
1221 4545 1293 4606 lines
1307 4547 1396 4604 unius
1410 4546 1531 4606 ditionis
1547 4550 1674 4627 irnperio

449 4637 605 4716 subjectae
620 4641 823 4698 exerceretur.
843 4637 933 4715 Digna
949 4641 1061 4716 quippe
1084 4638 1150 4713 teir,
1170 4643 1203 4698 31
1217 4639 1254 4699 ad
1269 4642 1358 4716 caput
1374 4639 1466 4716 ipsius
1480 4638 1607 4718 imperii,
1623 4661 1673 4705 or-

428 4782 432 4788 .
449 4733 496 4794 bis
510 4737 659 4789 terrarum
673 4731 858 4810 amplissimi,
872 4738 1046 4793 uersaretur
1057 4733 1206 4809 sublimis,
1221 4737 1255 4794 ut
1266 4733 1333 4793 inde
1344 4733 1610 4811 tranquillitatem,
1624 4758 1674 4801 ve-

449 4827 505 4888 luti
520 4822 623 4898 sitam,
643 4824 670 4883 in
693 4832 799 4888 cerreta
815 4825 928 4903 reliqua
945 4843 1048 4904 regna,
1064 4824 1193 4887 maxima
1210 4829 1300 4910 hrrjns
1314 4825 1509 4909 ttetpublicae
1522 4833 1670 4915 membra,
