3942 5592
407 565 523 645 pudore
546 561 646 628 nihilo
665 563 791 646 justius,
806 563 907 628 nihilo
926 565 1053 630 suarius
1067 581 1200 645 regeres,
1217 581 1313 648 quam
1338 581 1424 628 nunc
1437 563 1503 632 Rex
1526 567 1567 632 ab
1581 590 1621 637 eo

407 665 527 722 creatus
541 664 572 721 et
585 656 736 723 immenso
751 663 900 723 terrarum
915 667 1013 725 tracto
1027 660 1152 727 dissitus
1165 662 1256 743 regis·
1274 659 1312 723 Ut
1334 659 1433 741 igitur
1457 666 1616 745 amagnis

406 751 530 814 summa
543 749 665 812 fortuna
677 758 779 825 orius.
795 753 832 817 fltl
845 771 959 839 magna
972 757 1054 823 felici
1070 767 1181 821 natura
1194 756 1301 831 factus,
1310 753 1341 817 iu
1357 753 1416 815 hac
1430 774 1546 838 magua
1560 775 1616 821 no·

405 844 454 908 his
477 842 589 904 uirtute
604 849 752 923 praestas,
768 843 812 908 ita
825 849 1064 915 venerabundus
1086 869 1161 931 rogo
1175 867 1351 932 quaesoque
1372 848 1456 913 hanc
1466 850 1613 933 opellam,

406 953 499 1018 quam
516 951 571 1015 pro
584 934 670 996 tenui
686 952 755 999 mea
768 936 906 1018 publicae
920 941 1073 1006 felicitatis
1087 942 1163 1006 virili
1176 949 1259 1025 parte
1271 943 1330 1006 mei
1344 959 1418 1025 erga
1433 952 1462 1009 tc
1473 944 1612 1024 obsequii

404 1029 443 1092 do
457 1034 575 1105 testem,
590 1044 703 1109 magno
717 1031 824 1095 animo
838 1034 983 1114 excipias.

889 1276 1134 1375 111111

988 1485 1017 1522 lit

713 1614 919 1679 11101111
951 1613 1095 1679 MAthli
1120 1611 1288 1675 Abstulit:

738 1808 894 1901 1111111111
902 1806 1023 1869 Siciliae
1030 1806 1142 1882 diepam
1155 1807 1279 1879 nuptiis.

933 1965 1061 2050 (111)

430 2153 459 2216 Si
484 2173 624 2237 unquam
638 2154 743 2218 diuina
756 2146 951 2216 Providentia
963 2170 1003 2216 ex
1016 2148 1161 2215 omnibus
1174 2148 1269 2213 rebus
1282 2148 1440 2226 humanis,
1454 2168 1533 2233 quas
1547 2171 1604 2216 ae.

392 2253 477 2310 terno
491 2247 620 2311 consilio
635 2248 715 2327 regit
729 2264 763 2309 ac
779 2250 941 2327 temperat,
956 2243 1103 2324 conjugia
1125 2243 1322 2324 potissimum
1334 2248 1418 2307 certo
1433 2262 1490 2308 suo
1505 2246 1601 2310 unius

390 2338 520 2402 numine
534 2338 691 2402 moderari
705 2336 744 2398 ab
759 2337 951 2400 humanitate
965 2354 1064 2416 usque
1074 2335 1197 2399 condite
1210 2333 1298 2397 miris
1313 2353 1419 2399 rerum
1433 2354 1600 2419 argumen-

391 2432 428 2492 tis
440 2431 588 2507 ostendit,
602 2448 686 2494 nuuc
701 2430 845 2507 prolecto,
862 2445 959 2509 quum
974 2434 1121 2509 augustas
1134 2428 1232 2491 Caroli
1248 2427 1403 2505 Borhonii,
1416 2428 1508 2511 Regis
1522 2432 1602 2512 opti.

389 2520 446 2596 mi,
462 2522 636 2605 Mariaeque
651 2521 785 2585 hmaliae
800 2520 998 2603 Walhurgae,
1015 2521 1116 2603 regiae
1129 2521 1250 2601 puellae
1261 2522 1454 2602 lectissimae,
1472 2524 1600 2606 nuptias

387 2614 571 2693 conciliarit,
582 2617 724 2683 omnium
741 2614 876 2679 maxime
888 2614 1049 2697 praestitit.
1062 2613 1174 2695 lugens
1187 2617 1270 2679 enirn
1280 2615 1400 2679 bellum
1415 2615 1453 2679 de
1466 2615 1595 2681 111111-

387 2727 459 2772 1111
474 2728 545 2793 rege
559 2708 691 2775 creando
705 2706 825 2771 abhinc
838 2708 1089 2790 quinquennium
1100 2710 1233 2785 exarsit,
1246 2709 1329 2791 quod
1343 2709 1383 2771 ab
1397 2707 1597 2773 occidentalis

385 2802 490 2865 oceani
502 2803 657 2866 littoribus
667 2800 707 2865 ad
721 2800 875 2865 Sarmatas
886 2821 987 2885 usque
996 2808 1026 2865 et
1040 2801 1166 2884 Scythas
1178 2809 1330 2867 terrarum
1344 2801 1453 2866 orbern
1466 2818 1596 2865 concus-

389 2895 441 2968 sit,
455 2915 527 2959 cum
548 2915 602 2979 pro
618 2894 1126 2975 8111151111151115111,11111111
1149 2896 1204 2960 XV
1216 2913 1332 2970 socero,
1347 2894 1385 2956 ad
1409 2894 1441 2957 id
1461 2911 1597 2975 reguum

389 2987 564 3053 reducendo
587 2989 695 3066 Gallia,
711 2986 872 3076 Hispania,
886 2987 1061 3053 bellicosior
1084 2986 1173 3054 ltalia
1187 2991 1377 3062 niterentur,
1393 2982 1521 3049 Carolus
1541 3002 1596 3047 au·

351 3105 357 3116 ·
387 3088 449 3144 tem
465 3085 619 3161 Austrius,
634 3083 846 3148 Romanorum
858 3084 1037 3163 Imperator,
1048 3085 1226 3149 universum
1236 3086 1331 3149 ferme
1344 3079 1520 3147 Germanici
1534 3081 1594 3143 im·

385 3177 460 3256 perii
477 3195 600 3259 corpus,
619 3176 741 3241 Polonia
756 3178 789 3240 in
801 3184 900 3259 partes
911 3178 1022 3255 divisa,
1038 3174 1470 3259 Moschovtaqueirtdericum
1488 3179 1591 3256 bugu·

385 3276 481 3347 stum,
497 3269 652 3333 Saxonum
679 3271 803 3349 Ducem,
819 3268 1004 3352 Imperiique
1017 3270 1250 3348 Noremrirum,
1264 3270 1376 3331 mortui
1391 3267 1473 3349 regis
1487 3267 1589 3330 lilium

384 3360 465 3423 adid
482 3379 640 3426 summum
652 3363 811 3444 festigium
833 3363 918 3426 erehi
933 3370 1073 3447 oportere
1084 3363 1287 3429 contenderet.
1300 3361 1424 3444 Triplex
1436 3361 1508 3426 belli
1521 3375 1588 3423 mo·

388 3455 442 3531 111
460 3472 522 3517 uria
536 3452 576 3517 ad
590 3453 808 3533 Rhenum,alia
822 3455 855 3516 in
870 3454 1101 3520 Mediolanensis
1111 3454 1368 3529 ditionisfinibus,
1383 3451 1583 3537 postremead

381 3549 555 3611 Daritiscum
570 3548 750 3630 grauissime
765 3546 921 3611 incubuit:
935 3566 1071 3630 quarum
1085 3566 1284 3631 unaquaeque
1297 3546 1336 3610 ad
1350 3568 1381 3612 51
1403 3557 1588 3611 cunctarum

380 3643 518 3724 gentium
530 3640 636 3704 oculos
649 3640 831 3720 animosque
841 3637 1105 3718 advertissetnam
1117 3639 1487 3722 eteruentissimapraclia
1501 3657 1585 3704 com·

379 3735 483 3812 missa,
500 3740 529 3797 et
541 3733 723 3797 invictarum
738 3730 865 3794 urbium
880 3734 1061 3814 arciumque
1074 3733 1316 3816 expugnationes
1329 3731 1438 3808 editae,
1458 3741 1490 3796 et
1513 3749 1585 3796 con·

379 3826 636 3891 stantissimarum
650 3825 682 3888 in
696 3823 757 3886 fide
780 3823 942 3887 ciuitatum
957 3823 1125 3889 deditiones
1138 3840 1319 3907 expressae:
1336 3841 1499 3906 quumque
1521 3840 1587 3885 am·

379 3924 519 4005 piissima
533 3942 643 3987 caussa
656 3930 736 3988 essct
750 3922 877 3986 omnino
893 3921 1065 4002 individua,
1079 3930 1110 3987 et
1124 3925 1296 4000 nationum,
1311 3941 1390 4004 quae
1405 3921 1477 3984 hinc
1491 3927 1582 4003 atque

378 4017 451 4081 hinc
466 4019 499 4080 iu
510 4035 598 4079 arma
609 4025 841 4090 concurrerant,
855 4015 951 4078 lermc
965 4015 1100 4094 integrae
1113 4018 1204 4093 vires,
1216 4015 1260 4077 ita
1271 4020 1307 4077 ut
1317 4032 1426 4078 omnes
1436 4024 1586 4085 constans

378 4119 476 4172 metus
486 4110 655 4186 incesserit,
670 4128 708 4172 ne
723 4108 752 4171 id
769 4109 899 4185 bellum,
915 4109 941 4171 si
955 4106 1072 4172 diutius
1086 4110 1271 4186 traheretur,
1289 4126 1387 4190 genus
1410 4109 1586 4171 humanum

376 4203 568 4280 exhauriret,
583 4207 705 4283 praeter
719 4204 860 4264 omnium
876 4201 1053 4282 opinionem
1069 4201 1148 4282 pacis
1163 4201 1269 4267 foedus
1283 4203 1313 4264 in
1330 4201 1385 4264 has
1402 4202 1585 4284 praecipuas

377 4295 459 4378 leges
471 4294 619 4357 sancitum
635 4301 692 4371 cst,
705 4304 740 4358 ut
755 4294 925 4359 dridericus
940 4299 1095 4376 augustus
1109 4292 1294 4359 Polonorum
1307 4312 1401 4375 reguo
1420 4300 1585 4377 praeesset,

378 4387 572 4452 besainsliius
586 4388 799 4471 Lotharingiae
815 4392 883 4455 llux
896 4389 1024 4453 viveret.
1036 4388 1119 4452 luter
1133 4389 1202 4471 eius
1212 4388 1283 4452 belli
1297 4386 1476 4470 appendices
1488 4396 1521 4452 at
1533 4387 1588 4450 illa

377 4483 478 4546 extitit
491 4499 614 4563 quoque
629 4483 721 4562 mira,
735 4484 829 4565 quod,
846 4483 921 4548 dum
943 4485 976 4548 in
992 4481 1494 4563 1151111111131111581111ᾶὶ5111
1512 4499 1587 4546 con-

379 4583 426 4637 tra
441 4576 609 4640 Germanos
625 4577 775 4639 acerrime
790 4576 1001 4658 pugnabatur,
1015 4575 1142 4639 Carolus
1156 4575 1339 4654 Borbonius,
1353 4574 1479 4654 Hispani
1494 4591 1581 4636 exer·

374 4668 454 4733 citus
470 4667 649 4747 imperator,
665 4665 715 4730 rix
729 4666 826 4748 pubes
841 4668 950 4748 lactus,
967 4669 998 4732 in
1021 4667 1080 4732 hac
1094 4665 1209 4748 reliqua
1222 4665 1329 4731 ltaliae
1352 4675 1452 4749 parte,
1466 4664 1589 4730 insula-
