3942 5592
529 609 637 685 Credit,
652 611 679 669 et
690 607 825 667 excludit
839 619 925 665 sanos
938 602 1187 678 Heliconcpoetas

523 703 715 774 nemmem,
727 697 801 757 com
810 713 886 774 pars
899 711 958 755 uon
972 710 1086 769 unques
1095 707 1204 770 ponere
1218 693 1312 767 curat,

525 794 594 853 Non
603 791 735 862 dorium
748 793 858 851 secreta
868 791 943 865 petit
957 786 1035 858 loco‚·
1047 771 1151 844 balneo
1164 784 1249 841 citat.

524 891 717 950 Nonciscctur
729 893 807 948 enim
817 889 947 963 pretium
959 899 1119 959 numaque
1126 884 1242 958 poetae,

528 983 668 1046 Sitridm
682 981 833 1061 Anticyris
847 983 934 1058 caput
945 977 1119 1055 insanabile,
1132 965 1286 1051 numnam
1526 970 1585 1026 anti

529 1076 653 1141 Tonsori
666 1079 771 1139 Licino
782 1078 967 1138 commiserit.
988 1076 1077 1153 Oeoo
1088 1073 1201 1146 locrus,

530 1177 588 1251 (lui
597 1191 711 1254 purpor
722 1173 808 1234 ortem
821 1173 873 1235 aad
885 1176 968 1231 corni
980 1173 1119 1248 temporis
1132 1165 1256 1226 doram!

528 1273 596 1332 Non
609 1269 689 1330 otius
701 1265 813 1343 soccret
826 1265 950 1324 meliora
957 1267 1112 1342 pmmoto:
1127 1279 1228 1324 voum

531 1361 586 1422 Nil
595 1362 671 1419 tanti
684 1361 736 1420 est.
754 1354 834 1430 Erpa
842 1351 954 1432 suaper
966 1351 1029 1413 m'ce
1042 1357 1124 1430 cotis,
1138 1356 1257 1413 amcam

532 1456 662 1518 Reddere
676 1470 752 1530 quoe
763 1450 878 1526 serrum
890 1449 980 1524 calci,
994 1468 1097 1512 exsors
1109 1453 1176 1526 ipsa
1189 1448 1317 1510 secandi.
1525 1442 1583 1502 303

529 1550 638 1611 nouos
652 1551 679 1606 et
690 1541 823 1620 officium,
836 1540 882 1601 ait
894 1535 1022 1602 scriberes
1036 1545 1111 1618 ipsc,
1127 1539 1252 1601 docebo:
1276 1579 1278 1582 -

538 1644 617 1705 Unde
625 1642 772 1718 pareretur
781 1651 861 1712 opes,
871 1635 947 1711 quid
957 1633 1031 1710 aiat,
1044 1633 1206 1711 formetque
1212 1634 1344 1708 portaria

530 1735 610 1810 (inid
621 1737 732 1811 deccat,
745 1731 821 1809 quid
830 1745 902 1801 non,·
915 1747 973 1807 quo
984 1732 1091 1805 uirtus,
1105 1745 1164 1805 quo
1173 1725 1255 1805 serot
1268 1742 1359 1784 error·

567 1829 720 1890 Scribendi
733 1831 809 1887 recte
824 1844 927 1904 sapere
937 1830 978 1887 est
990 1829 1017 1884 ct
1031 1829 1211 1903 principium
1225 1831 1252 1888 et
1261 1823 1342 1901 serm.

526 1929 597 1988 Rem
610 1926 664 1985 tilii
679 1927 844 1987 Socraticae
855 1926 994 2001 poterunt
1007 1925 1157 1985 octoadem
1171 1921 1303 1992 ciartoes
1528 1916 1586 1974 310

503 2005 509 2012 ⁸
532 2021 680 2099 Verbosae
689 2026 837 2098 prouisam
852 2033 912 2079 rem
926 2034 985 2078 non
995 2022 1087 2077 incita
1101 2022 1269 2093 sequentur.

527 2110 585 2184 Oui
595 2109 711 2184 didicit,
719 2110 837 2187 patriae
850 2111 923 2186 quid
937 2109 1036 2168 deceat
1049 2154 1058 2188 ,
1072 2112 1099 2169 et
1113 2107 1189 2185 quid
1197 2110 1314 2176 orniciss

530 2204 592 2279 Quo
602 2208 640 2265 sit
650 2218 878 2281 oraorcpcrcns,
892 2216 951 2276 quo
965 2198 1061 2275 frater
1074 2197 1233 2276 amandas,
1247 2200 1276 2257 ct
1285 2197 1404 2274 nospes,-

530 2292 615 2367 Quod
624 2300 663 2357 sit
678 2296 846 2370 conscripti,
861 2284 1300 2370 qnodiudicisofficiun13qnoe

531 2391 636 2451 Portos
647 2395 680 2450 in
693 2387 798 2450 betium
807 2389 891 2447 missi
901 2387 999 2460 dacia·
1010 2385 1204 2466 itlcprpfccto

507 2512 509 2516 v
526 2483 656 2543 Reddere
667 2496 809 2560 perronae
822 2484 876 2543 scit
886 2483 1086 2540 conuenientia
1099 2483 1213 2556 empse.

530 2578 686 2655 Respicere
698 2574 851 2653 exemptor
862 2578 941 2636 citae
951 2591 1120 2652 nimiaque
1132 2575 1233 2636 iubebo

530 2677 650 2736 aarum
659 2677 847 2750 imitatorem,
862 2677 981 2734 etc-erus
992 2669 1061 2732 linc
1074 2673 1180 2732 ducere
1189 2689 1283 2733 uoces.

531 2771 682 2832 Interdum
695 2774 825 2848 speciosa
838 2769 921 2848 locis,
935 2772 1108 2846 morataque
1120 2773 1195 2827 recte

527 2863 652 2940 Fabula,
665 2863 780 2925 nultius
791 2867 916 2938 ueneris,
931 2866 993 2923 sine
1003 2862 1133 2938 pondere
1145 2867 1173 2922 ct
1186 2867 1261 2939 orte,
1529 2865 1587 2924 520

534 2960 655 3021 Vctdius
666 2959 788 3019 oblectat
797 2957 953 3035 poputum,
967 2957 1287 3035 morinummontem

530 3054 625 3128 Quom
636 3072 736 3117 ceram
749 3061 849 3130 inopes
862 3069 971 3129 rernm,
987 3070 1143 3130 nuperque
1157 3073 1292 3114 canorae.

572 3146 668 3206 Graiis
680 3149 840 3223 incenium,
852 3145 948 3205 Graiis
961 3145 1045 3204 dedit
1058 3163 1107 3204 ore
1120 3145 1245 3207 rotundo

417 3366 478 3420 296.
495 3357 639 3417 Enetudit
651 3374 738 3414 sanos
752 3356 887 3414 Helicone
896 3359 1011 3432 poetas}
1024 3358 1090 3426 Quia
1102 3360 1189 3430 prima
1220 3359 1319 3432 poesis,
1333 3373 1428 3429 nempe
1439 3358 1591 3431 theologica

386 3460 414 3500 er
426 3449 542 3521 quodam
556 3448 643 3504 divino
657 3448 746 3506 inurere
759 3456 823 3505 nata
835 3457 896 3520 cst,
911 3465 965 3521 quo
979 3457 1073 3521 poetae
1086 3450 1222 3523 theologi,
1237 3452 1313 3521 primi
1326 3452 1444 3523 gentium
1458 3448 1583 3506 lundata·

388 3553 440 3611 scs,
463 3541 580 3611 correpti
594 3539 658 3596 deos
672 3539 739 3596 inter
751 3556 779 3594 sc
792 3542 890 3612 versari
905 3541 952 3598 sibi
966 3541 1056 3598 ridere
1074 3541 1249 3599 videbantur:
1270 3541 1342 3613 qiiod
1358 3547 1448 3612 aperte
1468 3540 1580 3597 docetur

386 3631 474 3687 Norae
486 3633 634 3689 Scteutioc
644 3625 812 3704 Principiis.
831 3634 918 3699 Quare
931 3632 1019 3704 poesis
1037 3633 1107 3688 hanc
1126 3633 1206 3688 habet
1223 3648 1287 3689 suae
1307 3633 1415 3706 originis
1434 3631 1581 3703 proprieta-

386 3719 443 3781 tem,
457 3723 488 3771 ut
501 3726 597 3772 natura
610 3716 758 3787 plurimum
767 3724 881 3773 constet.

415 3809 476 3863 ³⁰9.
492 3805 646 3863 deridendi
658 3813 736 3863 recte
749 3823 852 3882 sapere
865 3813 907 3863 cst
919 3813 947 3863 ct
956 3810 1140 3882 principium
1152 3805 1264 3879 etsonst
1276 3807 1305 3863 td
1315 3806 1428 3863 alterum
1439 3821 1510 3861 nrrnc
1522 3819 1585 3875 poe-

382 3898 444 3952 ticae
458 3897 593 3952 facultatis
609 3900 784 3971 praecipuum
798 3901 1020 3970 instrumentum,
1035 3899 1220 3971 philosophia:
1236 3899 1299 3972 quia
1316 3896 1419 3954 fabulae
1433 3912 1506 3952 nune
1521 3903 1585 3952 sunt

381 4001 471 4057 genera
485 3987 594 4058 poetica
607 4005 639 4045 en
653 3992 795 4062 generibus
809 3990 1030 4062 philosophorum
1044 3991 1156 4061 consita,
1171 3997 1297 4062 utsupra
1311 3989 1437 4044 diximus.

409 4075 471 4129 stt.
486 4076 639 4148 Respicere
652 4074 807 4151 exemplar
819 4077 904 4148 citae)
920 4078 975 4133 Hoc
990 4083 1031 4134 est
1045 4077 1140 4134 intueri
1152 4077 1233 4133 vitam
1247 4077 1392 4132 humanam
1411 4075 1437 4129 in
1455 4090 1504 4130 sua
1524 4073 1586 4130 idea
1611 4130 1615 4141 ,

377 4161 487 4231 optima:
504 4162 577 4234 quod
590 4179 643 4220 nan
657 4165 717 4221 aiibi
731 4166 853 4240 discitur,
869 4167 917 4223 nisi
933 4168 958 4223 in
972 4166 1125 4223 evolvendis
1139 4165 1303 4238 philosophis
1317 4165 1406 4238 quide
1418 4164 1581 4221 moribusac

374 4246 544 4324 iitaepfficiis
558 4249 733 4320 scripserunt.

410 4339 476 4392 318.
490 4342 617 4396 Doctum
629 4339 819 4411 imitatorem}
833 4340 882 4407 Qui
895 4356 947 4396 non
962 4340 1071 4398 alterius
1085 4339 1197 4395 artificis
1208 4355 1310 4410 opera,
1331 4340 1377 4396 sed
1392 4339 1477 4411 ipsam
1490 4354 1582 4396 nicrum

373 4432 496 4483 naturam
509 4427 558 4484 sibi
573 4429 726 4487 imitandam
740 4433 875 4503 proponit:
893 4440 921 4488 ut
932 4440 987 4488 tres
1000 4434 1118 4503 pictores
1129 4432 1261 4502 principes
1272 4433 1298 4486 in
1310 4448 1360 4486 suo
1370 4439 1448 4488 certo
1458 4427 1591 4503 pingendi,
1611 4437 1616 4447 ·

374 4512 635 4582 genere‚Ronarrota
649 4514 673 4568 in
688 4515 920 4587 sublimi‚Urbinas
932 4520 959 4572 in
969 4518 1180 4586 renuntiamus
1192 4517 1216 4571 in
1229 4524 1376 4588 temperato
1387 4512 1587 4577 excelluerunti

408 4602 448 4658 lb.
464 4606 506 4658 Et
516 4618 600 4659 ceros
612 4605 682 4662 ltine
695 4605 799 4663 ducere
813 4609 901 4683 coces)
916 4608 946 4665 td
960 4609 1049 4680 ipsum
1063 4616 1104 4665 est
1117 4607 1191 4681 qrrod
1204 4609 1330 4680 superius
1344 4608 1470 4679 diximus,
1484 4592 1582 4666 laisum

374 4688 511 4756 poeticum
523 4703 582 4745 csse
597 4705 690 4747 rerum
704 4696 915 4770 mctapiiysicum
930 4739 937 4770 ‚
959 4698 1013 4754 sive
1028 4697 1053 4753 in
1067 4697 1127 4755 idea
1140 4697 1250 4769 optima,
1266 4697 1300 4755 ad
1313 4695 1387 4768 qiiod
1399 4684 1467 4750 scra¹
1473 4690 1583 4764 physica

374 4786 531 4849 conparata
545 4781 610 4839 talen
623 4799 683 4842 esse
696 4789 906 4859 comperiuntur.
