3942 5592
1448 520 1487 582 69

323 637 375 700 oet
388 633 501 708 odium,
515 635 686 702 oborientia,
701 631 745 692 eet
758 634 934 707 emutemptus
947 637 980 690 in
994 637 1103 693 ommis
1117 631 1445 692 auditorum'eueitatur
1458 655 1468 690 .-
1481 636 1541 692 at·'
1621 670 1623 675 ι

319 735 379 797 pete
391 720 559 791 unoquovis
574 713 679 772 barum
688 711 939 788 perturbationum
950 713 1039 771 sanet
1050 713 1170 792 affecti,
1192 729 1253 770 nou
1267 714 1396 788 amptius
1412 715 1522 772 dimun-

320 804 371 859 iur
385 843 394 876 ‚
409 797 460 859 seri
473 812 528 855 sua
541 798 642 872 sponte
655 789 812 853 trabuntur
825 792 867 851 orl
875 791 979 867 fidem.
1002 793 1096 871 Vulpo
1109 794 1188 851 euim
1201 793 1264 852 diei
1277 793 1350 854 solet
1363 793 1444 852 illuri
1457 837 1465 867 ,
1487 795 1520 851 ut

322 882 450 956 quisque
462 874 538 948 uult,
550 879 595 933 ita
608 871 715 933 eredit.

362 957 713 1034 Euporilione'postremo
726 952 948 1028 amplificamus,
966 968 1034 1011 oum
1048 951 1129 1021 aliis,
1146 955 1233 1030 atque
1243 953 1314 1014 aliis
1326 954 1445 1013 dicandi
1456 952 1522 1029 sor·

321 1041 457 1098 mierum
470 1033 599 1095 eamdem
610 1033 769 1112 efferimus,
782 1037 869 1094 itaut
882 1033 957 1109 utici,
972 1034 1060 1112 alqrte
1072 1033 1149 1106 alia,
1161 1049 1236 1110 quae
1245 1033 1347 1095 eadem
1357 1038 1457 1110 reipsa
1467 1037 1520 1109 est,

320 1119 470 1180 uideatur.
490 1115 554 1188 (luo
567 1112 803 1191 amplificationis
815 1129 919 1187 periere
930 1116 976 1172 uti
990 1116 1170 1175 commodum
1183 1117 1236 1189 est,
1251 1115 1303 1174 ubi
1315 1114 1390 1191 quiri
1400 1117 1521 1190 potissi-

325 1215 407 1261 mum
420 1239 429 1272 ,
444 1198 471 1254 et
485 1200 586 1273 mapui
599 1197 736 1254 mmueuti
749 1199 781 1252 iu
793 1198 901 1254 uostris
914 1194 1079 1254 rationibus
1093 1192 1232 1255 babemus
1244 1237 1253 1268 ,
1266 1195 1347 1272 quod
1359 1197 1459 1255 iuueut
1472 1197 1521 1251 iu·

322 1277 447 1350 uulneri,
462 1281 494 1336 iu
507 1292 564 1352 auo
578 1278 653 1335 iuuet
666 1278 828 1348 immorari,
840 1278 872 1333 ut
883 1276 1033 1335 auditores
1045 1278 1162 1334 omniuo
1171 1270 1206 1334 irt
1215 1280 1415 1352 arpumentum
1425 1272 1521 1350 eapti-

323 1362 419 1419 eatum
433 1373 528 1418 seeum
540 1354 666 1435 afferant
680 1356 810 1415 dantum.
834 1351 988 1415 Eiusmodi
1002 1354 1059 1414 illa
1070 1353 1261 1432 amplificatio
1274 1359 1317 1415 est
1329 1372 1385 1432 pro
1399 1353 1522 1429 liparia

323 1443 359 1499 iu
376 1437 570 1498 Tuberonem:
589 1434 668 1508 Ouid
682 1440 757 1496 euim
770 1440 837 1495 tuus
849 1435 915 1511 ille,
936 1435 1067 1510 rubero,
1081 1436 1233 1496 districtus
1247 1440 1280 1495 in
1293 1442 1355 1496 acie
1368 1432 1520 1509 sarsaliea

323 1519 444 1600 pladius
458 1516 591 1593 upebot?
610 1517 702 1576 Cuius
716 1514 793 1576 latua
805 1531 904 1576 mucro
916 1513 966 1575 ille
979 1514 1119 1592 petebat?
1142 1515 1201 1589 Oui
1221 1532 1322 1579 sensus
1342 1517 1407 1575 erat
1420 1529 1520 1572 armo·

321 1598 547 1660 mantuanum?
564 1595 647 1669 Quae
659 1599 712 1655 tua
724 1596 834 1657 mens?
852 1594 967 1656 Oouti?
980 1595 1115 1658 Manus?
1130 1596 1227 1656 Ardor
1240 1601 1335 1657 ommi
1343 1596 1360 1657 i
1378 1594 1456 1672 (laid
1468 1608 1519 1653 eu-

321 1678 456 1759 proba?
472 1677 553 1753 Quid
567 1671 719 1756 optabas?

774 1892 816 1940 DE
829 1890 1075 1944 commumoni:

371 2083 504 2143 Crimina
515 2081 626 2161 trpb'm
637 2085 687 2142 oia
698 2081 876 2158 refutamus,
890 2084 1026 2161 mpouoto
1039 2129 1049 2161 ‚
1064 2080 1273 2159 defendendo,
1288 2081 1519 2160 transsumam

324 2163 452 2224 additur
466 2169 574 2239 quarta
587 2159 671 2238 apud
679 2160 854 2238 prinoipem,
865 2160 1064 2238 deprecando.

370 2240 405 2302 lb
418 2243 455 2301 ab
468 2251 533 2320 ipro
546 2258 699 2303 eaueruum
712 2247 791 2303 statu
803 2240 977 2317 refutemus,
992 2242 1205 2304 obseruandum
1216 2246 1343 2318 patrono
1357 2250 1410 2320 est,
1421 2263 1461 2305 aa
1471 2235 1534 2302 ae-x

306 2366 310 2373 ·
326 2327 444 2384 euaaim
456 2327 489 2382 iu
505 2322 698 2384 coniecturali
710 2339 792 2396 vera,
807 2328 839 2381 iu
849 2323 965 2400 fluitiuo
975 2329 1111 2401 proprio,
1126 2328 1159 2384 iu
1172 2342 1214 2398 eo,
1231 2328 1284 2398 qui
1296 2329 1339 2385 est
1353 2325 1520 2400 qualitatis,

330 2408 423 2477 auria,
436 2407 497 2464 siue
507 2406 581 2466 adeo
594 2418 701 2479 aequa,
714 2403 846 2476 honesta,
861 2404 956 2480 licita,
970 2403 1072 2479 utilia,
1086 2407 1252 2467 mansuaria
1263 2404 1387 2466 unone.

368 2484 408 2547 ut
418 2488 509 2544 totum
523 2486 699 2562 quandoque
712 2487 836 2543 aetionis
849 2501 942 2562 penus
955 2485 1180 2562 reprelienditur
1194 2530 1203 2563 ‚
1225 2483 1468 2562 quenadmodum
1476 2486 1524 2544 uti

327 2564 458 2627 imaeue
471 2564 596 2625 labieru
616 2569 647 2624 iu
668 2563 823 2624 Rabirium
843 2564 906 2642 tepe
926 2565 1143 2639 perduellionis
1164 2581 1246 2625 reum
1256 2585 1269 2634 ,·
1289 2562 1471 2640 inbumuua,
1492 2566 1525 2624 ut

330 2642 492 2706 Tuberonis
501 2645 658 2724 Liparium
670 2644 788 2706 amium
803 2648 990 2707 aeouaautie:
1006 2649 1058 2706 aut
1070 2649 1097 2707 si
1111 2644 1251 2723 superba,
1265 2646 1423 2723 umidiore,
1433 2661 1525 2723 prae·

325 2978 488 3052 delinquere
502 2982 625 3052 opinione
639 2996 732 3039 amore
745 2974 833 3053 oppur
847 2982 917 3043 odio,
935 2983 1155 3038 ammirazionea
1174 2983 1290 3053 diapetto
1303 2985 1326 3039 ai
1346 2984 1436 3039 eeeitn
1449 2980 1523 3053 negli

323 3056 405 3112 anirru
425 3056 496 3128 degli
515 3056 636 3128 aditori3
658 3075 673 3115 e
692 3073 747 3114 una
765 3059 838 3114 volta
857 3059 907 3114 obe
927 3059 1001 3113 siano
1021 3057 1056 3114 da
1068 3058 1167 3114 alcuna
1180 3059 1206 3115 di
1218 3065 1313 3129 queue
1326 3056 1524 3130 perturbaziani

325 3135 483 3202 nominaui,
497 3134 587 3189 nansi
601 3135 746 3191 eondueon
761 3133 827 3203 pin,
849 3149 893 3189 rna
907 3133 930 3189 si
943 3139 1077 3206 troggono
1091 3134 1229 3206 spontanei
1242 3149 1258 3190 a
1271 3134 1393 3192 eredere.
1409 3134 1525 3190 Eoorra

322 3205 342 3262 il
356 3211 513 3277 proverbio:
530 3210 648 3266 Ciaeeun
661 3209 743 3265 ereda
758 3209 877 3266 secondo
891 3211 942 3265 aha
955 3210 1056 3266 braina.

359 3283 435 3340 Culta
448 3285 614 3357 Eapoeiziena
627 3285 849 3357 amplitichiamo,
875 3286 983 3357 quando
1003 3302 1056 3342 con
1070 3285 1139 3343 nitra
1149 3284 1183 3340 ad
1196 3286 1265 3343 nitra
1281 3284 1367 3344 iorme
1380 3284 1406 3341 di
1420 3284 1479 3341 dira
1493 3285 1520 3342 la

323 3358 469 3417 madaaima
482 3376 547 3417 enen
560 3363 740 3433 esprirniamm
754 3360 854 3434 percha
868 3362 927 3434 pain
938 3360 1044 3418 diversa
1053 3362 1087 3419 dn
1101 3377 1129 3417 sa
1140 3367 1235 3417 ateana.
1249 3361 1270 3417 Ε
1282 3361 1308 3417 la
1321 3361 1347 3416 ai
1358 3362 1418 3418 rien
1428 3376 1524 3418 eoma-

320 3433 367 3500 da,
382 3452 442 3504 ove,
457 3445 499 3493 tra
512 3438 536 3494 la
549 3445 640 3496 nostre
654 3439 768 3510 regioni,
785 3437 877 3494 toluna
890 3437 1065 3508 principniaa
1088 3437 1113 3494 di
1132 3436 1311 3510 grandissimo
1331 3443 1468 3492 momenta
1487 3452 1521 3495 no

322 3509 457 3582 abbiamo,
472 3513 542 3569 aelia
555 3513 619 3586 qual
634 3514 703 3586 giovi
716 3513 838 3570 farmanni
848 3513 1049 3581 inculcandam,
1062 3512 1208 3570 aecioeehb
1219 3512 1255 3586 gli
1266 3510 1365 3568 uditari
1377 3515 1516 3585 spiecatis·

322 3586 393 3644 aima
406 3588 431 3645 la
445 3590 468 3646 si
481 3591 590 3661 partina
605 3605 706 3647 acasa.
722 3589 783 3647 Tala
797 3587 812 3646 b
825 3588 916 3659 quella
928 3588 1139 3661 amplificaziona
1160 3606 1209 3661 per
1228 3589 1333 3659 Ligario
1353 3596 1450 3647 contra
1463 3590 1517 3646 'iu-
1608 3650 1610 3655 ,
1677 3625 1680 3633 ·

322 3661 443 3722 barone:
460 3685 471 3715 a
486 3665 540 3722 Cha
553 3666 630 3722 terea
649 3663 739 3738 qualia
759 3665 850 3738 spada,
872 3680 888 3720 a
908 3664 1059 3736 Tuberone,
1084 3667 1134 3722 che
1153 3664 1282 3737 ottingeri
1302 3663 1372 3721 neila
1391 3664 1522 3736 battaglia

324 3738 462 3796 Farratiea
475 3739 489 3795 i
501 3744 523 3797 Α
537 3740 599 3812 qual
614 3741 701 3798 banco
714 3740 869 3798 dirizzavnsi
884 3740 977 3812 qualia
988 3741 1089 3812 panta?
1101 3741 1166 3807 Quat
1180 3757 1227 3797 ara
1240 3739 1453 3798 bintendimento
1466 3739 1523 3797 dai·

324 3810 344 3870 l’
357 3817 426 3871 arrni
439 3813 501 3873 tua?
513 3817 598 3884 Quale
613 3816 628 3872 il
644 3825 690 3874 tuo
705 3831 817 3887 pensare
832 3814 893 3890 rgb
906 3817 1002 3874 oeohi't
1013 3817 1039 3875 la
1050 3816 1136 3879 mani?
1147 3817 1165 3873 Ρ
1176 3818 1259 3875 ardor
1271 3814 1336 3875 datl’
1349 3816 1456 3876 animo?
1465 3817 1521 3873 Cha

321 3886 495 3949 desideravi?
508 3892 558 3950 aba
571 3891 742 3968 agognavii'n

762 4067 844 4109 nunni
864 4068 1069 4112 courunzlonss.

361 4188 391 4244 ln
406 4194 447 4247 tra
460 4192 532 4248 madi
544 4192 687 4250 rifiutiamo
700 4192 724 4251 ie
737 4210 839 4254 aoeusa
852 4195 877 4253 di
892 4194 986 4265 delitti,
1002 4196 1145 4268 uepunrto,
1160 4194 1347 4268 offendendo,
1361 4195 1519 4268 temserun-

320 4261 375 4321 ἀοι
391 4265 547 4341 aggiungeai
559 4269 586 4325 lu
599 4276 705 4340 quarta,
719 4269 823 4330 duranti
837 4271 860 4328 al
875 4272 1006 4344 principe.
1017 4270 1180 4347 prepaudo.

359 4342 412 4398 Par
426 4341 520 4414 pigtiar
534 4343 560 4400 la
573 4344 760 4404 eoniumziona
774 4347 845 4405 dalio
859 4354 928 4406 stata
942 4346 1090 4405 medaaimn
1105 4346 1172 4405 deun
1186 4364 1281 4419 eausa,
1296 4348 1363 4406 dere
1378 4350 1394 4407 il
1405 4350 1521 4408 bitenao·

324 4430 354 4472 re
368 4432 519 4489 asservare,
536 4435 564 4476 se
577 4421 595 4477 b
606 4430 767 4480 accusatore
782 4423 858 4480 abbia
875 4424 948 4482 betta
968 4439 1034 4480 eoae
1054 4439 1117 4480 vera
1138 4423 1207 4481 aetio
1227 4432 1298 4482 stuta
1318 4425 1517 4500 congenerem,

322 4493 432 4564 propria
446 4494 517 4552 nella
532 4501 601 4552 stato
616 4495 759 4572 definitivo,
773 4500 872 4573 giusta,
888 4514 988 4557 avvero
1002 4513 1083 4572 aqua,
1097 4505 1200 4574 onesta,
1221 4501 1311 4574 lenite,
1332 4502 1403 4574 utili,
1424 4516 1520 4559 nacae·

321 4569 403 4638 sarie‚
418 4569 490 4626 nella
504 4578 572 4629 stato
586 4571 611 4629 di
625 4573 735 4646 qrrutiti.
1546 4594 1549 4603 “

360 4644 480 4702 introitu
494 4651 563 4704 tutta
577 4646 593 4704 i
605 4649 695 4706 arione
710 4651 731 4707 si
747 4648 870 4725 riprende
884 4666 899 4708 a
916 4653 1033 4723 aaatigu
1049 4667 1097 4726 per
1110 4654 1227 4726 eaampio
1243 4653 1312 4710 colio
1324 4654 1411 4712 tuccia
1422 4653 1449 4710 di
1460 4668 1524 4710 eru·

325 4719 384 4778 dala
394 4720 417 4809 ¹t’
430 4723 606 4782 aceuaaziona
620 4723 647 4783 di
663 4726 776 4784 Labieno
791 4734 888 4785 contro
904 4724 931 4784 di
946 4728 1051 4787 Rabirio
1065 4744 1111 4787 rao
1125 4745 1174 4805 per
1188 4730 1265 4804 lagga
1284 4730 1310 4788 di
1329 4729 1526 4802 perdueltione,

325 4811 341 4854 o
355 4796 382 4857 (Ρ
392 4812 530 4871 rnumann,
546 4799 636 4874 quella
649 4799 675 4862 bi
688 4803 829 4864 Tuberone
843 4809 943 4863 contro
957 4804 1067 4880 Ligario
1086 4806 1183 4877 neuim
1204 4807 1417 4868 omoatrandata
1430 4820 1526 4880 auper-
