<?xml version="1.0" encoding="UTF-8"?>
<!DOCTYPE html PUBLIC "-//W3C//DTD XHTML 1.0 Transitional//EN"
    "http://www.w3.org/TR/xhtml1/DTD/xhtml1-transitional.dtd">
<html xmlns="http://www.w3.org/1999/xhtml" xml:lang="en" lang="en">
 <head>
  <title>
</title>
<meta http-equiv="Content-Type" content="text/html;charset=utf-8" />
  <meta name='ocr-system' content='tesseract 3.04.00' />
  <meta name='ocr-capabilities' content='ocr_page ocr_carea ocr_par ocr_line ocrx_word'/>
</head>
<body>
  <div class='ocr_page' id='page_1' title='image "./operedigiambatt01ferrgoog_0413.png"; bbox 0 0 3942 5592; ppageno 0'>
   <div class='ocr_carea' id='block_1_1' title="bbox 692 768 1402 822">
    <p class='ocr_par' dir='ltr' id='par_1_1' title="bbox 692 768 1402 822">
     <span class='ocr_line' id='line_1_1' title="bbox 692 768 1402 822; baseline -0.001 -4"><span class='ocrx_word' id='word_1_1' title='bbox 692 769 735 818; x_wconf 76' lang='lat' dir='ltr'><em>ns</em></span> <span class='ocrx_word' id='word_1_2' title='bbox 748 769 847 820; x_wconf 73' lang='lat' dir='ltr'><em>clviii</em></span> <span class='ocrx_word' id='word_1_3' title='bbox 859 768 1086 821; x_wconf 75' lang='lat' dir='ltr'>INSTITUTIONE</span> <span class='ocrx_word' id='word_1_4' title='bbox 1100 770 1216 821; x_wconf 76' lang='lat' dir='ltr'><em>rurum</em></span> <span class='ocrx_word' id='word_1_5' title='bbox 1230 769 1402 822; x_wconf 72' lang='lat' dir='ltr'>ORATORIS.</span> 
     </span>
    </p>
   </div>
   <div class='ocr_carea' id='block_1_2' title="bbox 356 915 1654 2598">
    <p class='ocr_par' dir='ltr' id='par_1_2' title="bbox 387 915 1654 1717">
     <span class='ocr_line' id='line_1_2' title="bbox 489 915 1653 997; baseline 0.004 -22"><span class='ocrx_word' id='word_1_6' title='bbox 489 915 538 975; x_wconf 80' lang='lat' dir='ltr'><em>Ad</em></span> <span class='ocrx_word' id='word_1_7' title='bbox 550 917 688 975; x_wconf 81' lang='lat' dir='ltr'><em>ndnram</em></span> <span class='ocrx_word' id='word_1_8' title='bbox 699 919 833 997; x_wconf 82' lang='lat' dir='ltr'><em>equidem</em></span> <span class='ocrx_word' id='word_1_9' title='bbox 853 915 967 978; x_wconf 85' lang='lat' dir='ltr'><em>ciuilem</em></span> <span class='ocrx_word' id='word_1_10' title='bbox 989 919 1203 978; x_wconf 88' lang='lat' dir='ltr'><em>institutionem</em></span> <span class='ocrx_word' id='word_1_11' title='bbox 1220 916 1380 978; x_wconf 73' lang='lat' dir='ltr'><em>rettulerim.</em></span> <span class='ocrx_word' id='word_1_12' title='bbox 1397 918 1491 994; x_wconf 76' lang='lat' dir='ltr'><em>nujus</em></span> <span class='ocrx_word' id='word_1_13' title='bbox 1505 921 1590 981; x_wconf 81' lang='lat' dir='ltr'><em>laritn</em></span> <span class='ocrx_word' id='word_1_14' title='bbox 1604 925 1653 982; x_wconf 83' lang='lat' dir='ltr'><em>nis</em></span> 
     </span>
     <span class='ocr_line' id='line_1_3' title="bbox 448 993 1654 1076; baseline 0.007 -22"><span class='ocrx_word' id='word_1_15' title='bbox 448 999 502 1073; x_wconf 80' lang='lat' dir='ltr'><em>erl,</em></span> <span class='ocrx_word' id='word_1_16' title='bbox 516 997 548 1054; x_wconf 89' lang='lat' dir='ltr'><em>ut</em></span> <span class='ocrx_word' id='word_1_17' title='bbox 560 1011 625 1053; x_wconf 87' lang='lat' dir='ltr'><em>cum</em></span> <span class='ocrx_word' id='word_1_18' title='bbox 638 993 786 1057; x_wconf 82' lang='lat' dir='ltr'><em>lominum</em></span> <span class='ocrx_word' id='word_1_19' title='bbox 799 996 914 1059; x_wconf 91' lang='lat' dir='ltr'><em>indoles</em></span> <span class='ocrx_word' id='word_1_20' title='bbox 929 1013 1014 1058; x_wconf 89' lang='lat' dir='ltr'><em>aerea</em></span> <span class='ocrx_word' id='word_1_21' title='bbox 1037 995 1131 1073; x_wconf 72' lang='lat' dir='ltr'><em>serrae</em></span> <span class='ocrx_word' id='word_1_22' title='bbox 1149 1001 1201 1073; x_wconf 88' lang='lat' dir='ltr'><em>sil,</em></span> <span class='ocrx_word' id='word_1_23' title='bbox 1216 1015 1308 1076; x_wconf 76' lang='lat' dir='ltr'><em>assare</em></span> <span class='ocrx_word' id='word_1_24' title='bbox 1327 1002 1410 1058; x_wconf 90' lang='lat' dir='ltr'><em>tanta</em></span> <span class='ocrx_word' id='word_1_25' title='bbox 1424 1001 1501 1057; x_wconf 89' lang='lat' dir='ltr'><em>inter</em></span> <span class='ocrx_word' id='word_1_26' title='bbox 1513 1003 1654 1064; x_wconf 62' lang='lat' dir='ltr'><em>nonanes</em></span> 
     </span>
     <span class='ocr_line' id='line_1_4' title="bbox 446 1077 1652 1155; baseline 0.006 -21"><span class='ocrx_word' id='word_1_27' title='bbox 446 1091 559 1134; x_wconf 85' lang='lat' dir='ltr'><em>marum</em></span> <span class='ocrx_word' id='word_1_28' title='bbox 572 1078 626 1146; x_wconf 90' lang='lat' dir='ltr'><em>est,</em></span> <span class='ocrx_word' id='word_1_29' title='bbox 640 1079 725 1155; x_wconf 85' lang='lat' dir='ltr'><em>atque</em></span> <span class='ocrx_word' id='word_1_30' title='bbox 737 1081 952 1139; x_wconf 68' lang='lat' dir='ltr'><strong><em>institutionum</em></strong></span> <span class='ocrx_word' id='word_1_31' title='bbox 965 1079 1135 1154; x_wconf 84' lang='lat' dir='ltr'><em>diuersitas,</em></span> <span class='ocrx_word' id='word_1_32' title='bbox 1149 1077 1284 1138; x_wconf 80' lang='lat' dir='ltr'><em>dubitare</em></span> <span class='ocrx_word' id='word_1_33' title='bbox 1303 1078 1403 1154; x_wconf 85' lang='lat' dir='ltr'><em>liceat,</em></span> <span class='ocrx_word' id='word_1_34' title='bbox 1417 1093 1458 1137; x_wconf 88' lang='lat' dir='ltr'><em>an</em></span> <span class='ocrx_word' id='word_1_35' title='bbox 1472 1082 1583 1139; x_wconf 87' lang='lat' dir='ltr'><em>natura</em></span> <span class='ocrx_word' id='word_1_36' title='bbox 1597 1081 1652 1141; x_wconf 84' lang='lat' dir='ltr'><em>io·</em></span> 
     </span>
     <span class='ocr_line' id='line_1_5' title="bbox 396 1152 1654 1237; baseline 0.01 -30"><span class='ocrx_word' id='word_1_37' title='bbox 396 1194 400 1207; x_wconf 84' lang='grc'><em>,</em></span> <span class='ocrx_word' id='word_1_38' title='bbox 447 1159 560 1214; x_wconf 88' lang='lat' dir='ltr'><em>minum</em></span> <span class='ocrx_word' id='word_1_39' title='bbox 580 1152 660 1215; x_wconf 84' lang='lat' dir='ltr'><em>nitril</em></span> <span class='ocrx_word' id='word_1_40' title='bbox 669 1157 756 1218; x_wconf 89' lang='lat' dir='ltr'><em>alind</em></span> <span class='ocrx_word' id='word_1_41' title='bbox 769 1157 819 1232; x_wconf 85' lang='lat' dir='ltr'><em>sil,</em></span> <span class='ocrx_word' id='word_1_42' title='bbox 833 1161 895 1217; x_wconf 83' lang='lat' dir='ltr'><em>nisi</em></span> <span class='ocrx_word' id='word_1_43' title='bbox 906 1161 973 1235; x_wconf 87' lang='lat' dir='ltr'><em>ipsa</em></span> <span class='ocrx_word' id='word_1_44' title='bbox 985 1161 1143 1218; x_wconf 88' lang='lat' dir='ltr'><em>institutio.</em></span> <span class='ocrx_word' id='word_1_45' title='bbox 1175 1158 1223 1220; x_wconf 87' lang='lat' dir='ltr'><em>Ea</em></span> <span class='ocrx_word' id='word_1_46' title='bbox 1235 1162 1336 1237; x_wconf 82' lang='lat' dir='ltr'><em>itaque</em></span> <span class='ocrx_word' id='word_1_47' title='bbox 1348 1174 1400 1217; x_wconf 83' lang='lat' dir='ltr'><em>nee</em></span> <span class='ocrx_word' id='word_1_48' title='bbox 1417 1174 1529 1237; x_wconf 83' lang='lat' dir='ltr'><em>seuera,</em></span> <span class='ocrx_word' id='word_1_49' title='bbox 1542 1177 1596 1220; x_wconf 89' lang='lat' dir='ltr'><em>nee</em></span> <span class='ocrx_word' id='word_1_50' title='bbox 1609 1165 1654 1220; x_wconf 90' lang='lat' dir='ltr'><em>ri·</em></span> 
     </span>
     <span class='ocr_line' id='line_1_6' title="bbox 446 1234 1651 1318; baseline 0.004 -22"><span class='ocrx_word' id='word_1_51' title='bbox 446 1236 519 1310; x_wconf 71' lang='lat' dir='ltr'><em>aida</em></span> <span class='ocrx_word' id='word_1_52' title='bbox 532 1236 583 1293; x_wconf 86' lang='lat' dir='ltr'><em>sil:</em></span> <span class='ocrx_word' id='word_1_53' title='bbox 597 1235 665 1310; x_wconf 68' lang='grc'><strong>((11(</strong></span> <span class='ocrx_word' id='word_1_54' title='bbox 677 1241 755 1297; x_wconf 89' lang='lat' dir='ltr'><em>enim</em></span> <span class='ocrx_word' id='word_1_55' title='bbox 774 1236 891 1298; x_wconf 77' lang='lat' dir='ltr'><em>tenellis</em></span> <span class='ocrx_word' id='word_1_56' title='bbox 899 1236 1048 1315; x_wconf 88' lang='lat' dir='ltr'><em>planlnlis</em></span> <span class='ocrx_word' id='word_1_57' title='bbox 1068 1241 1111 1298; x_wconf 89' lang='lat' dir='ltr'><em>est</em></span> <span class='ocrx_word' id='word_1_58' title='bbox 1128 1234 1286 1313; x_wconf 73' lang='lat' dir='ltr'><em>infestum.-</em></span> <span class='ocrx_word' id='word_1_59' title='bbox 1307 1254 1401 1314; x_wconf 82' lang='lat' dir='ltr'><em>neque</em></span> <span class='ocrx_word' id='word_1_60' title='bbox 1414 1240 1491 1298; x_wconf 86' lang='lat' dir='ltr'><em>inter</em></span> <span class='ocrx_word' id='word_1_61' title='bbox 1498 1237 1606 1318; x_wconf 90' lang='lat' dir='ltr'><em>palpa,</em></span> <span class='ocrx_word' id='word_1_62' title='bbox 1621 1243 1651 1301; x_wconf 84' lang='lat' dir='ltr'><em>el</em></span> 
     </span>
     <span class='ocr_line' id='line_1_7' title="bbox 387 1313 1651 1395; baseline 0.006 -21"><span class='ocrx_word' id='word_1_63' title='bbox 387 1367 396 1395; x_wconf 50' lang='grc' dir='ltr'><em>Ι</em></span> <span class='ocrx_word' id='word_1_64' title='bbox 447 1313 601 1391; x_wconf 80' lang='lat' dir='ltr'><em>obsequia,</em></span> <span class='ocrx_word' id='word_1_65' title='bbox 610 1331 648 1376; x_wconf 90' lang='lat' dir='ltr'><em>ne</em></span> <span class='ocrx_word' id='word_1_66' title='bbox 662 1321 811 1395; x_wconf 70' lang='lat' dir='ltr'><em>inperitum</em></span> <span class='ocrx_word' id='word_1_67' title='bbox 829 1315 1002 1393; x_wconf 72' lang='lat' dir='ltr'><em>serocescate</em></span> <span class='ocrx_word' id='word_1_68' title='bbox 1027 1318 1081 1379; x_wconf 86' lang='lat' dir='ltr'><em>sed</em></span> <span class='ocrx_word' id='word_1_69' title='bbox 1088 1321 1217 1392; x_wconf 80' lang='lat' dir='ltr'><em>ingenua</em></span> <span class='ocrx_word' id='word_1_70' title='bbox 1226 1321 1277 1392; x_wconf 88' lang='lat' dir='ltr'><em>sit,</em></span> <span class='ocrx_word' id='word_1_71' title='bbox 1292 1335 1328 1378; x_wconf 89' lang='lat' dir='ltr'><em>ac</em></span> <span class='ocrx_word' id='word_1_72' title='bbox 1340 1317 1488 1392; x_wconf 64' lang='lat' dir='ltr'><em>liberam,</em></span> <span class='ocrx_word' id='word_1_73' title='bbox 1499 1325 1532 1377; x_wconf 87' lang='lat' dir='ltr'><em>nt</em></span> <span class='ocrx_word' id='word_1_74' title='bbox 1544 1322 1651 1381; x_wconf 81' lang='lat' dir='ltr'><em>noscat</em></span> 
     </span>
     <span class='ocr_line' id='line_1_8' title="bbox 446 1396 1651 1477; baseline 0.003 -21"><span class='ocrx_word' id='word_1_75' title='bbox 446 1411 574 1469; x_wconf 89' lang='lat' dir='ltr'><em>errasse,</em></span> <span class='ocrx_word' id='word_1_76' title='bbox 588 1399 616 1454; x_wconf 89' lang='lat' dir='ltr'><em>el</em></span> <span class='ocrx_word' id='word_1_77' title='bbox 629 1401 706 1457; x_wconf 88' lang='lat' dir='ltr'><em>ornet</em></span> <span class='ocrx_word' id='word_1_78' title='bbox 719 1402 836 1475; x_wconf 76' lang='lat' dir='ltr'><em>corrigi.</em></span> <span class='ocrx_word' id='word_1_79' title='bbox 862 1398 960 1472; x_wconf 81' lang='lat' dir='ltr'><em>Quare</em></span> <span class='ocrx_word' id='word_1_80' title='bbox 967 1401 1104 1474; x_wconf 73' lang='lat' dir='ltr'><em>praestat</em></span> <span class='ocrx_word' id='word_1_81' title='bbox 1113 1400 1191 1457; x_wconf 85' lang='lat' dir='ltr'><em>inter</em></span> <span class='ocrx_word' id='word_1_82' title='bbox 1204 1396 1371 1473; x_wconf 78' lang='lat' dir='ltr'><em>aequalium</em></span> <span class='ocrx_word' id='word_1_83' title='bbox 1390 1401 1488 1458; x_wconf 85' lang='lat' dir='ltr'><em>caelus</em></span> <span class='ocrx_word' id='word_1_84' title='bbox 1500 1399 1600 1477; x_wconf 84' lang='lat' dir='ltr'><em>educi,</em></span> <span class='ocrx_word' id='word_1_85' title='bbox 1615 1401 1651 1460; x_wconf 76' lang='lat' dir='ltr'><em>ul</em></span> 
     </span>
     <span class='ocr_line' id='line_1_9' title="bbox 445 1477 1649 1555; baseline 0.002 -21"><span class='ocrx_word' id='word_1_86' title='bbox 445 1489 563 1535; x_wconf 84' lang='lat' dir='ltr'><em>sensum</em></span> <span class='ocrx_word' id='word_1_87' title='bbox 576 1491 757 1538; x_wconf 88' lang='lat' dir='ltr'><em>communem</em></span> <span class='ocrx_word' id='word_1_88' title='bbox 778 1481 872 1538; x_wconf 83' lang='lat' dir='ltr'><em>cornis</em></span> <span class='ocrx_word' id='word_1_89' title='bbox 884 1479 1082 1555; x_wconf 79' lang='lat' dir='ltr'><em>prudentiae,</em></span> <span class='ocrx_word' id='word_1_90' title='bbox 1096 1480 1124 1536; x_wconf 89' lang='lat' dir='ltr'><em>et</em></span> <span class='ocrx_word' id='word_1_91' title='bbox 1137 1477 1317 1554; x_wconf 74' lang='lat' dir='ltr'><em>eloquentiae</em></span> <span class='ocrx_word' id='word_1_92' title='bbox 1336 1493 1468 1537; x_wconf 79' lang='lat' dir='ltr'><em>mimam</em></span> <span class='ocrx_word' id='word_1_93' title='bbox 1481 1481 1649 1540; x_wconf 79' lang='lat' dir='ltr'><em>condiscat.</em></span> 
     </span>
     <span class='ocr_line' id='line_1_10' title="bbox 445 1554 1652 1636; baseline 0.003 -21"><span class='ocrx_word' id='word_1_94' title='bbox 445 1554 551 1631; x_wconf 80' lang='lat' dir='ltr'><em>Neque</em></span> <span class='ocrx_word' id='word_1_95' title='bbox 562 1569 634 1616; x_wconf 85' lang='lat' dir='ltr'><em>sane</em></span> <span class='ocrx_word' id='word_1_96' title='bbox 644 1577 664 1617; x_wconf 89' lang='lat' dir='ltr'><em>a</em></span> <span class='ocrx_word' id='word_1_97' title='bbox 674 1556 874 1635; x_wconf 76' lang='lat' dir='ltr'><em>Demosthene,</em></span> <span class='ocrx_word' id='word_1_98' title='bbox 883 1556 928 1619; x_wconf 88' lang='lat' dir='ltr'><em>vel</em></span> <span class='ocrx_word' id='word_1_99' title='bbox 942 1557 1081 1618; x_wconf 82' lang='lat' dir='ltr'><em>Cicerone</em></span> <span class='ocrx_word' id='word_1_100' title='bbox 1090 1558 1254 1634; x_wconf 81' lang='lat' dir='ltr'><em>quidquam</em></span> <span class='ocrx_word' id='word_1_101' title='bbox 1267 1555 1389 1635; x_wconf 75' lang='lat' dir='ltr'><em>diction,</em></span> <span class='ocrx_word' id='word_1_102' title='bbox 1403 1558 1483 1635; x_wconf 84' lang='lat' dir='ltr'><em>quod</em></span> <span class='ocrx_word' id='word_1_103' title='bbox 1489 1564 1652 1636; x_wconf 72' lang='lat' dir='ltr'><em>postquam</em></span> 
     </span>
     <span class='ocr_line' id='line_1_11' title="bbox 444 1634 1652 1717; baseline 0.007 -22"><span class='ocrx_word' id='word_1_104' title='bbox 444 1634 593 1704; x_wconf 77' lang='lat' dir='ltr'><em>dicerint,</em></span> <span class='ocrx_word' id='word_1_105' title='bbox 609 1653 668 1697; x_wconf 87' lang='lat' dir='ltr'><em>non</em></span> <span class='ocrx_word' id='word_1_106' title='bbox 682 1642 779 1714; x_wconf 84' lang='lat' dir='ltr'><em>qniois</em></span> <span class='ocrx_word' id='word_1_107' title='bbox 792 1640 890 1717; x_wconf 89' lang='lat' dir='ltr'><em>rudis,</em></span> <span class='ocrx_word' id='word_1_108' title='bbox 905 1641 1005 1715; x_wconf 83' lang='lat' dir='ltr'><em>quiris</em></span> <span class='ocrx_word' id='word_1_109' title='bbox 1019 1636 1192 1715; x_wconf 86' lang='lat' dir='ltr'><em>illiteratus,</em></span> <span class='ocrx_word' id='word_1_110' title='bbox 1206 1654 1238 1696; x_wconf 91' lang='lat' dir='ltr'><em>se</em></span> <span class='ocrx_word' id='word_1_111' title='bbox 1250 1653 1365 1716; x_wconf 78' lang='lat' dir='ltr'><em>quoquo</em></span> <span class='ocrx_word' id='word_1_112' title='bbox 1376 1642 1509 1700; x_wconf 83' lang='lat' dir='ltr'><em>inuenire</em></span> <span class='ocrx_word' id='word_1_113' title='bbox 1520 1644 1652 1715; x_wconf 73' lang='lat' dir='ltr'><em>potuim</em></span> 
     </span>
    </p>

    <p class='ocr_par' dir='ltr' id='par_1_3' title="bbox 485 1717 1653 1797">
     <span class='ocr_line' id='line_1_12' title="bbox 485 1717 1653 1797; baseline 0.006 -22"><span class='ocrx_word' id='word_1_114' title='bbox 485 1717 606 1785; x_wconf 68' lang='lat' dir='ltr'><em>laverit·</em></span> <span class='ocrx_word' id='word_1_115' title='bbox 619 1719 672 1778; x_wconf 88' lang='lat' dir='ltr'><em>sed</em></span> <span class='ocrx_word' id='word_1_116' title='bbox 683 1717 763 1779; x_wconf 88' lang='lat' dir='ltr'><em>illud</em></span> <span class='ocrx_word' id='word_1_117' title='bbox 774 1720 908 1796; x_wconf 84' lang='lat' dir='ltr'><em>adprime</em></span> <span class='ocrx_word' id='word_1_118' title='bbox 921 1717 1007 1795; x_wconf 88' lang='lat' dir='ltr'><em>utile,</em></span> <span class='ocrx_word' id='word_1_119' title='bbox 1022 1721 1055 1776; x_wconf 93' lang='lat' dir='ltr'><em>nt</em></span> <span class='ocrx_word' id='word_1_120' title='bbox 1069 1721 1102 1774; x_wconf 90' lang='lat' dir='ltr'><em>in</em></span> <span class='ocrx_word' id='word_1_121' title='bbox 1115 1717 1204 1795; x_wconf 83' lang='lat' dir='ltr'><em>urie,</em></span> <span class='ocrx_word' id='word_1_122' title='bbox 1227 1733 1304 1793; x_wconf 82' lang='lat' dir='ltr'><em>quae</em></span> <span class='ocrx_word' id='word_1_123' title='bbox 1318 1722 1358 1777; x_wconf 85' lang='lat' dir='ltr'><em>sit</em></span> <span class='ocrx_word' id='word_1_124' title='bbox 1369 1721 1463 1797; x_wconf 71' lang='lat' dir='ltr'><em>gentis</em></span> <span class='ocrx_word' id='word_1_125' title='bbox 1477 1723 1566 1796; x_wconf 89' lang='lat' dir='ltr'><em>capnt</em></span> <span class='ocrx_word' id='word_1_126' title='bbox 1579 1722 1653 1782; x_wconf 68' lang='lat' dir='ltr'><em>adu</em></span> 
     </span>
    </p>

    <p class='ocr_par' dir='ltr' id='par_1_4' title="bbox 356 1795 1652 2598">
     <span class='ocr_line' id='line_1_13' title="bbox 486 1795 1652 1878; baseline 0.004 -25"><span class='ocrx_word' id='word_1_127' title='bbox 486 1799 545 1855; x_wconf 83' lang='lat' dir='ltr'><em>eat.-</em></span> <span class='ocrx_word' id='word_1_128' title='bbox 559 1810 629 1856; x_wconf 90' lang='lat' dir='ltr'><em>nam</em></span> <span class='ocrx_word' id='word_1_129' title='bbox 642 1801 707 1874; x_wconf 87' lang='lat' dir='ltr'><em>ipse</em></span> <span class='ocrx_word' id='word_1_130' title='bbox 716 1799 798 1860; x_wconf 82' lang='lat' dir='ltr'><em>urbis</em></span> <span class='ocrx_word' id='word_1_131' title='bbox 812 1797 961 1876; x_wconf 83' lang='lat' dir='ltr'><em>splendor,</em></span> <span class='ocrx_word' id='word_1_132' title='bbox 978 1815 1014 1857; x_wconf 92' lang='lat' dir='ltr'><em>ac</em></span> <span class='ocrx_word' id='word_1_133' title='bbox 1023 1795 1256 1874; x_wconf 73' lang='lat' dir='ltr'><em>magnificantia,</em></span> <span class='ocrx_word' id='word_1_134' title='bbox 1268 1796 1453 1875; x_wconf 85' lang='lat' dir='ltr'><em>splendidas,</em></span> <span class='ocrx_word' id='word_1_135' title='bbox 1473 1802 1501 1857; x_wconf 93' lang='lat' dir='ltr'><em>et</em></span> <span class='ocrx_word' id='word_1_136' title='bbox 1511 1799 1652 1878; x_wconf 69' lang='lat' dir='ltr'><em>magnulfi·</em></span> 
     </span>
     <span class='ocr_line' id='line_1_14' title="bbox 356 1873 1650 1954; baseline 0.003 -19"><span class='ocrx_word' id='word_1_137' title='bbox 356 1921 359 1926; x_wconf 87' lang='lat'><em>.</em></span> <span class='ocrx_word' id='word_1_138' title='bbox 441 1892 490 1936; x_wconf 91' lang='lat' dir='ltr'><em>cos</em></span> <span class='ocrx_word' id='word_1_139' title='bbox 502 1873 638 1951; x_wconf 74' lang='lat' dir='ltr'><em>former</em></span> <span class='ocrx_word' id='word_1_140' title='bbox 652 1882 777 1939; x_wconf 78' lang='lat' dir='ltr'><em>ammos.-</em></span> <span class='ocrx_word' id='word_1_141' title='bbox 791 1882 820 1938; x_wconf 90' lang='lat' dir='ltr'><em>et</em></span> <span class='ocrx_word' id='word_1_142' title='bbox 832 1882 867 1938; x_wconf 86' lang='lat' dir='ltr'><em>tn</em></span> <span class='ocrx_word' id='word_1_143' title='bbox 880 1877 1079 1940; x_wconf 80' lang='lat' dir='ltr'><em>obseruatione</em></span> <span class='ocrx_word' id='word_1_144' title='bbox 1087 1881 1220 1953; x_wconf 87' lang='lat' dir='ltr'><em>positum</em></span> <span class='ocrx_word' id='word_1_145' title='bbox 1232 1881 1286 1954; x_wconf 88' lang='lat' dir='ltr'><em>est,</em></span> <span class='ocrx_word' id='word_1_146' title='bbox 1308 1882 1342 1938; x_wconf 90' lang='lat' dir='ltr'><em>in</em></span> <span class='ocrx_word' id='word_1_147' title='bbox 1360 1881 1515 1953; x_wconf 75' lang='lat' dir='ltr'><em>maniacis,</em></span> <span class='ocrx_word' id='word_1_148' title='bbox 1527 1895 1563 1938; x_wconf 88' lang='lat' dir='ltr'><em>aa</em></span> <span class='ocrx_word' id='word_1_149' title='bbox 1578 1879 1650 1940; x_wconf 80' lang='lat' dir='ltr'><em>lea·</em></span> 
     </span>
     <span class='ocr_line' id='line_1_15' title="bbox 440 1957 1649 2036; baseline 0.007 -23"><span class='ocrx_word' id='word_1_150' title='bbox 440 1957 561 2019; x_wconf 83' lang='lat' dir='ltr'><em>lissinis</em></span> <span class='ocrx_word' id='word_1_151' title='bbox 582 1961 716 2034; x_wconf 82' lang='lat' dir='ltr'><em>imperiis</em></span> <span class='ocrx_word' id='word_1_152' title='bbox 726 1958 877 2035; x_wconf 75' lang='lat' dir='ltr'><em>saldimia,</em></span> <span class='ocrx_word' id='word_1_153' title='bbox 888 1962 916 2017; x_wconf 92' lang='lat' dir='ltr'><em>el</em></span> <span class='ocrx_word' id='word_1_154' title='bbox 930 1958 1038 2018; x_wconf 90' lang='lat' dir='ltr'><em>decora</em></span> <span class='ocrx_word' id='word_1_155' title='bbox 1051 1959 1174 2034; x_wconf 78' lang='lat' dir='ltr'><em>inpenia</em></span> <span class='ocrx_word' id='word_1_156' title='bbox 1228 1961 1348 2029; x_wconf 88' lang='lat' dir='ltr'><em>ruisse‚·</em></span> <span class='ocrx_word' id='word_1_157' title='bbox 1364 1962 1437 2036; x_wconf 73' lang='lat' dir='ltr'><em>ascia</em></span> <span class='ocrx_word' id='word_1_158' title='bbox 1449 1962 1482 2016; x_wconf 91' lang='lat' dir='ltr'><em>ut</em></span> <span class='ocrx_word' id='word_1_159' title='bbox 1495 1974 1544 2018; x_wconf 87' lang='lat' dir='ltr'><em>res</em></span> <span class='ocrx_word' id='word_1_160' title='bbox 1563 1960 1649 2021; x_wconf 80' lang='lat' dir='ltr'><em>notris</em></span> 
     </span>
     <span class='ocr_line' id='line_1_16' title="bbox 433 2037 1650 2116; baseline 0.005 -22"><span class='ocrx_word' id='word_1_161' title='bbox 433 2050 599 2113; x_wconf 77' lang='lat' dir='ltr'><em>prosperae</em></span> <span class='ocrx_word' id='word_1_162' title='bbox 612 2043 692 2115; x_wconf 81' lang='lat' dir='ltr'><em>sun,</em></span> <span class='ocrx_word' id='word_1_163' title='bbox 707 2039 755 2099; x_wconf 82' lang='lat' dir='ltr'><em>ael</em></span> <span class='ocrx_word' id='word_1_164' title='bbox 769 2038 1099 2116; x_wconf 60' lang='lat' dir='ltr'><em>adversantemque,</em></span> <span class='ocrx_word' id='word_1_165' title='bbox 1113 2040 1164 2096; x_wconf 89' lang='lat' dir='ltr'><em>aul</em></span> <span class='ocrx_word' id='word_1_166' title='bbox 1199 2037 1300 2099; x_wconf 73' lang='lat' dir='ltr'><em>aniles</em></span> <span class='ocrx_word' id='word_1_167' title='bbox 1309 2054 1422 2099; x_wconf 87' lang='lat' dir='ltr'><em>snmus.</em></span> <span class='ocrx_word' id='word_1_168' title='bbox 1439 2038 1478 2099; x_wconf 81' lang='lat' dir='ltr'><em>Et</em></span> <span class='ocrx_word' id='word_1_169' title='bbox 1489 2044 1650 2100; x_wconf 79' lang='lat' dir='ltr'><em>consuetu·</em></span> 
     </span>
     <span class='ocr_line' id='line_1_17' title="bbox 439 2114 1648 2196; baseline 0.006 -21"><span class='ocrx_word' id='word_1_170' title='bbox 439 2114 479 2175; x_wconf 83' lang='lat' dir='ltr'><em>de</em></span> <span class='ocrx_word' id='word_1_171' title='bbox 491 2120 674 2196; x_wconf 78' lang='lat' dir='ltr'><em>interponite</em></span> <span class='ocrx_word' id='word_1_172' title='bbox 686 2119 908 2180; x_wconf 77' lang='lat' dir='ltr'><em>occultissimas</em></span> <span class='ocrx_word' id='word_1_173' title='bbox 933 2135 969 2177; x_wconf 89' lang='lat' dir='ltr'><em>ac</em></span> <span class='ocrx_word' id='word_1_174' title='bbox 983 2116 1210 2177; x_wconf 82' lang='lat' dir='ltr'><em>liberalissimos</em></span> <span class='ocrx_word' id='word_1_175' title='bbox 1224 2121 1349 2195; x_wconf 71' lang='lat' dir='ltr'><em>agitata,</em></span> <span class='ocrx_word' id='word_1_176' title='bbox 1364 2117 1567 2178; x_wconf 77' lang='lat' dir='ltr'><em>urbanitatem</em></span> <span class='ocrx_word' id='word_1_177' title='bbox 1586 2138 1648 2182; x_wconf 86' lang='lat' dir='ltr'><em>sor·</em></span> 
     </span>
     <span class='ocr_line' id='line_1_18' title="bbox 439 2161 1650 2276; baseline 0.001 -18"><span class='ocrx_word' id='word_1_178' title='bbox 439 2200 648 2275; x_wconf 70' lang='lat' dir='ltr'><em>nominarat,</em></span> <span class='ocrx_word' id='word_1_179' title='bbox 659 2203 686 2261; x_wconf 91' lang='lat' dir='ltr'><em>el</em></span> <span class='ocrx_word' id='word_1_180' title='bbox 696 2198 882 2276; x_wconf 73' lang='lat' dir='ltr'><em>elegantiam.</em></span> <span class='ocrx_word' id='word_1_181' title='bbox 900 2161 960 2258; x_wconf 68' lang='lat' dir='ltr'><em>lea</em></span> <span class='ocrx_word' id='word_1_182' title='bbox 970 2195 1152 2272; x_wconf 76' lang='lat' dir='ltr'><em>attilaeque</em></span> <span class='ocrx_word' id='word_1_183' title='bbox 1165 2195 1281 2273; x_wconf 76' lang='lat' dir='ltr'><em>elilim,</em></span> <span class='ocrx_word' id='word_1_184' title='bbox 1296 2211 1385 2274; x_wconf 85' lang='lat' dir='ltr'><em>qnam</em></span> <span class='ocrx_word' id='word_1_185' title='bbox 1403 2200 1436 2256; x_wconf 85' lang='lat' dir='ltr'><em>ut</em></span> <span class='ocrx_word' id='word_1_186' title='bbox 1446 2202 1570 2275; x_wconf 88' lang='lat' dir='ltr'><em>optimis</em></span> <span class='ocrx_word' id='word_1_187' title='bbox 1587 2215 1650 2259; x_wconf 72' lang='lat' dir='ltr'><em>ma</em></span> 
     </span>
     <span class='ocr_line' id='line_1_19' title="bbox 437 2275 1649 2357; baseline 0.006 -25"><span class='ocrx_word' id='word_1_188' title='bbox 437 2275 532 2352; x_wconf 83' lang='lat' dir='ltr'><em>ribus,</em></span> <span class='ocrx_word' id='word_1_189' title='bbox 549 2279 688 2357; x_wconf 78' lang='lat' dir='ltr'><em>tuasque</em></span> <span class='ocrx_word' id='word_1_190' title='bbox 701 2283 795 2339; x_wconf 87' lang='lat' dir='ltr'><em>animi</em></span> <span class='ocrx_word' id='word_1_191' title='bbox 809 2278 934 2353; x_wconf 77' lang='lat' dir='ltr'><em>odilus,</em></span> <span class='ocrx_word' id='word_1_192' title='bbox 948 2276 1164 2354; x_wconf 80' lang='lat' dir='ltr'><em>uirtutibusque</em></span> <span class='ocrx_word' id='word_1_193' title='bbox 1177 2276 1338 2336; x_wconf 75' lang='lat' dir='ltr'><em>imbuatur.</em></span> <span class='ocrx_word' id='word_1_194' title='bbox 1359 2276 1442 2336; x_wconf 87' lang='lat' dir='ltr'><em>Vitae</em></span> <span class='ocrx_word' id='word_1_195' title='bbox 1455 2282 1534 2338; x_wconf 86' lang='lat' dir='ltr'><em>enim</em></span> <span class='ocrx_word' id='word_1_196' title='bbox 1541 2279 1649 2355; x_wconf 86' lang='lat' dir='ltr'><em>pratri·</em></span> 
     </span>
     <span class='ocr_line' id='line_1_20' title="bbox 437 2357 1649 2439; baseline 0.003 -24"><span class='ocrx_word' id='word_1_197' title='bbox 437 2359 485 2415; x_wconf 87' lang='lat' dir='ltr'><em>tas</em></span> <span class='ocrx_word' id='word_1_198' title='bbox 498 2359 750 2439; x_wconf 79' lang='lat' dir='ltr'><em>qsramplurirnum</em></span> <span class='ocrx_word' id='word_1_199' title='bbox 761 2361 875 2419; x_wconf 84' lang='lat' dir='ltr'><em>oratori</em></span> <span class='ocrx_word' id='word_1_200' title='bbox 886 2357 1027 2418; x_wconf 84' lang='lat' dir='ltr'><em>conciliat</em></span> <span class='ocrx_word' id='word_1_201' title='bbox 1039 2359 1209 2437; x_wconf 77' lang='lat' dir='ltr'><em>prauitatis:</em></span> <span class='ocrx_word' id='word_1_202' title='bbox 1223 2361 1251 2416; x_wconf 92' lang='lat' dir='ltr'><em>et</em></span> <span class='ocrx_word' id='word_1_203' title='bbox 1263 2361 1449 2435; x_wconf 84' lang='lat' dir='ltr'><em>sapientiam,</em></span> <span class='ocrx_word' id='word_1_204' title='bbox 1465 2375 1544 2435; x_wconf 82' lang='lat' dir='ltr'><em>qnae</em></span> <span class='ocrx_word' id='word_1_205' title='bbox 1558 2376 1649 2436; x_wconf 65' lang='lat' dir='ltr'><em>apere</em></span> 
     </span>
     <span class='ocr_line' id='line_1_21' title="bbox 438 2435 1651 2519; baseline 0.004 -23"><span class='ocrx_word' id='word_1_206' title='bbox 438 2436 557 2514; x_wconf 83' lang='lat' dir='ltr'><em>docum,</em></span> <span class='ocrx_word' id='word_1_207' title='bbox 575 2445 603 2500; x_wconf 93' lang='lat' dir='ltr'><em>el</em></span> <span class='ocrx_word' id='word_1_208' title='bbox 621 2439 833 2519; x_wconf 62' lang='lat' dir='ltr'><em>sumendorum</em></span> <span class='ocrx_word' id='word_1_209' title='bbox 846 2436 952 2515; x_wconf 72' lang='lat' dir='ltr'><em>regulo</em></span> <span class='ocrx_word' id='word_1_210' title='bbox 966 2440 1029 2514; x_wconf 88' lang='lat' dir='ltr'><em>est,</em></span> <span class='ocrx_word' id='word_1_211' title='bbox 1054 2435 1148 2514; x_wconf 79' lang='lat' dir='ltr'><em>facile</em></span> <span class='ocrx_word' id='word_1_212' title='bbox 1162 2435 1348 2514; x_wconf 84' lang='lat' dir='ltr'><em>eloquentia,</em></span> <span class='ocrx_word' id='word_1_213' title='bbox 1362 2454 1439 2513; x_wconf 82' lang='lat' dir='ltr'><em>quae</em></span> <span class='ocrx_word' id='word_1_214' title='bbox 1452 2442 1493 2499; x_wconf 87' lang='lat' dir='ltr'><em>est</em></span> <span class='ocrx_word' id='word_1_215' title='bbox 1507 2437 1651 2501; x_wconf 81' lang='lat' dir='ltr'><em>dicendo·</em></span> 
     </span>
     <span class='ocr_line' id='line_1_22' title="bbox 438 2518 1456 2598; baseline 0.007 -26"><span class='ocrx_word' id='word_1_216' title='bbox 438 2530 514 2597; x_wconf 82' lang='lat' dir='ltr'><em>rum,</em></span> <span class='ocrx_word' id='word_1_217' title='bbox 526 2523 554 2580; x_wconf 89' lang='lat' dir='ltr'><em>et</em></span> <span class='ocrx_word' id='word_1_218' title='bbox 569 2519 759 2581; x_wconf 88' lang='lat' dir='ltr'><em>tacendarum</em></span> <span class='ocrx_word' id='word_1_219' title='bbox 772 2518 905 2595; x_wconf 89' lang='lat' dir='ltr'><em>solertia,</em></span> <span class='ocrx_word' id='word_1_220' title='bbox 920 2521 1073 2594; x_wconf 83' lang='lat' dir='ltr'><em>tamqnam</em></span> <span class='ocrx_word' id='word_1_221' title='bbox 1080 2518 1274 2598; x_wconf 80' lang='lat' dir='ltr'><em>pedissequa,</em></span> <span class='ocrx_word' id='word_1_222' title='bbox 1289 2521 1456 2579; x_wconf 75' lang='lat' dir='ltr'><em>connitatur.</em></span> 
     </span>
    </p>
   </div>
   <div class='ocr_carea' id='block_1_3' title="bbox 692 2844 1389 2890">
    <p class='ocr_par' dir='ltr' id='par_1_5' title="bbox 692 2844 1389 2890">
     <span class='ocr_line' id='line_1_23' title="bbox 692 2844 1389 2890; baseline -0.007 0"><span class='ocrx_word' id='word_1_223' title='bbox 692 2847 777 2890; x_wconf 71' lang='lat' dir='ltr'><em>DRLM</em></span> <span class='ocrx_word' id='word_1_224' title='bbox 789 2845 879 2888; x_wconf 68' lang='lat' dir='ltr'><em>civim</em></span> <span class='ocrx_word' id='word_1_225' title='bbox 891 2844 1078 2887; x_wconf 74' lang='lat' dir='ltr'><em>minwztottss</em></span> <span class='ocrx_word' id='word_1_226' title='bbox 1087 2845 1138 2886; x_wconf 73' lang='lat' dir='ltr'><em>Ml·</em></span> <span class='ocrx_word' id='word_1_227' title='bbox 1147 2845 1248 2887; x_wconf 73' lang='lat' dir='ltr'><em>ramo</em></span> <span class='ocrx_word' id='word_1_228' title='bbox 1262 2845 1389 2889; x_wconf 64' lang='lat' dir='ltr'><em>(imoim-</em></span> 
     </span>
    </p>
   </div>
   <div class='ocr_carea' id='block_1_4' title="bbox 429 2966 1646 4622">
    <p class='ocr_par' dir='ltr' id='par_1_6' title="bbox 429 2966 1646 4622">
     <span class='ocr_line' id='line_1_24' title="bbox 476 2966 1646 3041; baseline -0.003 -9"><span class='ocrx_word' id='word_1_229' title='bbox 476 2973 624 3032; x_wconf 78' lang='lat' dir='ltr'><em>Veientieri</em></span> <span class='ocrx_word' id='word_1_230' title='bbox 636 2973 662 3030; x_wconf 88' lang='lat' dir='ltr'><em>io</em></span> <span class='ocrx_word' id='word_1_231' title='bbox 674 2973 798 3030; x_wconf 87' lang='lat' dir='ltr'><em>recherei</em></span> <span class='ocrx_word' id='word_1_232' title='bbox 811 2971 862 3028; x_wconf 88' lang='grc'><strong>(11(</strong></span> <span class='ocrx_word' id='word_1_233' title='bbox 875 2967 983 3031; x_wconf 84' lang='lat' dir='ltr'><em>Natura</em></span> <span class='ocrx_word' id='word_1_234' title='bbox 995 2966 1022 3024; x_wconf 88' lang='grc'><em>1(</em></span> <span class='ocrx_word' id='word_1_235' title='bbox 1035 2967 1114 3025; x_wconf 86' lang='lat' dir='ltr'><em>civile</em></span> <span class='ocrx_word' id='word_1_236' title='bbox 1127 2968 1486 3041; x_wconf 80' lang='lat' dir='ltr'><em>instituzione.1ieitaqueie</em></span> <span class='ocrx_word' id='word_1_237' title='bbox 1498 2969 1516 3027; x_wconf 80' lang='lat' dir='ltr'><em>i</em></span> <span class='ocrx_word' id='word_1_238' title='bbox 1530 2971 1646 3029; x_wconf 77' lang='grc'><strong>1111111(</strong></span> 
     </span>
     <span class='ocr_line' id='line_1_25' title="bbox 436 3044 1645 3119; baseline -0.003 -11"><span class='ocrx_word' id='word_1_239' title='bbox 436 3049 523 3119; x_wconf 81' lang='lat' dir='ltr'><em>lorea,</em></span> <span class='ocrx_word' id='word_1_240' title='bbox 538 3050 588 3107; x_wconf 88' lang='lat' dir='ltr'><em>che</em></span> <span class='ocrx_word' id='word_1_241' title='bbox 603 3049 620 3104; x_wconf 82' lang='grc' dir='ltr'><strong>Ρ</strong></span> <span class='ocrx_word' id='word_1_242' title='bbox 630 3048 720 3105; x_wconf 90' lang='lat' dir='ltr'><em>indole</em></span> <span class='ocrx_word' id='word_1_243' title='bbox 733 3063 833 3105; x_wconf 82' lang='lat' dir='ltr'><em>amana</em></span> <span class='ocrx_word' id='word_1_244' title='bbox 847 3046 963 3106; x_wconf 82' lang='lat' dir='ltr'><em>essendo</em></span> <span class='ocrx_word' id='word_1_245' title='bbox 977 3045 1056 3117; x_wconf 76' lang='grc'><strong>(111111</strong></span> <span class='ocrx_word' id='word_1_246' title='bbox 1071 3044 1097 3100; x_wconf 91' lang='grc'><em>(11</em></span> <span class='ocrx_word' id='word_1_247' title='bbox 1111 3059 1187 3116; x_wconf 87' lang='lat' dir='ltr'><em>cern,</em></span> <span class='ocrx_word' id='word_1_248' title='bbox 1202 3045 1321 3116; x_wconf 82' lang='lat' dir='ltr'><em>epercii</em></span> <span class='ocrx_word' id='word_1_249' title='bbox 1332 3051 1406 3102; x_wconf 83' lang='lat' dir='ltr'><em>tantu</em></span> <span class='ocrx_word' id='word_1_250' title='bbox 1415 3045 1543 3102; x_wconf 80' lang='lat' dir='ltr'><em>dirersiti</em></span> <span class='ocrx_word' id='word_1_251' title='bbox 1553 3046 1579 3102; x_wconf 91' lang='lat' dir='ltr'><em>di</em></span> <span class='ocrx_word' id='word_1_252' title='bbox 1593 3063 1645 3104; x_wconf 88' lang='lat' dir='ltr'><em>ao·</em></span> 
     </span>
     <span class='ocr_line' id='line_1_26' title="bbox 434 3119 1646 3197; baseline -0.002 -15"><span class='ocrx_word' id='word_1_253' title='bbox 434 3126 520 3183; x_wconf 87' lang='lat' dir='ltr'><em>stumi</em></span> <span class='ocrx_word' id='word_1_254' title='bbox 536 3141 551 3182; x_wconf 91' lang='lat' dir='ltr'><em>e</em></span> <span class='ocrx_word' id='word_1_255' title='bbox 565 3125 591 3182; x_wconf 81' lang='lat' dir='ltr'><em>d’</em></span> <span class='ocrx_word' id='word_1_256' title='bbox 604 3124 717 3182; x_wconf 85' lang='lat' dir='ltr'><em>instituti</em></span> <span class='ocrx_word' id='word_1_257' title='bbox 734 3124 874 3197; x_wconf 82' lang='lat' dir='ltr'><em>regnando</em></span> <span class='ocrx_word' id='word_1_258' title='bbox 889 3133 930 3182; x_wconf 83' lang='lat' dir='ltr'><em>tra</em></span> <span class='ocrx_word' id='word_1_259' title='bbox 943 3121 968 3177; x_wconf 89' lang='lat' dir='ltr'><em>ie</em></span> <span class='ocrx_word' id='word_1_260' title='bbox 981 3121 1099 3190; x_wconf 87' lang='lat' dir='ltr'><em>nuzioni,</em></span> <span class='ocrx_word' id='word_1_261' title='bbox 1111 3119 1163 3178; x_wconf 85' lang='lat' dir='ltr'><em>lieo</em></span> <span class='ocrx_word' id='word_1_262' title='bbox 1177 3120 1343 3178; x_wconf 79' lang='lat' dir='ltr'><em>dubitarem</em></span> <span class='ocrx_word' id='word_1_263' title='bbox 1357 3120 1383 3177; x_wconf 88' lang='grc'><em>1(</em></span> <span class='ocrx_word' id='word_1_264' title='bbox 1396 3128 1495 3177; x_wconf 83' lang='lat' dir='ltr'><em>nutum</em></span> <span class='ocrx_word' id='word_1_265' title='bbox 1509 3121 1581 3194; x_wconf 86' lang='lat' dir='ltr'><em>degli</em></span> <span class='ocrx_word' id='word_1_266' title='bbox 1593 3139 1646 3180; x_wconf 88' lang='lat' dir='ltr'><em>uo-</em></span> 
     </span>
     <span class='ocr_line' id='line_1_27' title="bbox 432 3195 1640 3270; baseline -0.003 -12"><span class='ocrx_word' id='word_1_267' title='bbox 432 3202 497 3258; x_wconf 90' lang='lat' dir='ltr'><em>mini</em></span> <span class='ocrx_word' id='word_1_268' title='bbox 512 3200 593 3257; x_wconf 87' lang='grc'><strong>(1(1(</strong></span> <span class='ocrx_word' id='word_1_269' title='bbox 608 3208 696 3256; x_wconf 83' lang='lat' dir='ltr'><em>stesso</em></span> <span class='ocrx_word' id='word_1_270' title='bbox 710 3199 761 3256; x_wconf 89' lang='lat' dir='ltr'><em>che</em></span> <span class='ocrx_word' id='word_1_271' title='bbox 775 3201 801 3256; x_wconf 90' lang='grc'><em>1(</em></span> <span class='ocrx_word' id='word_1_272' title='bbox 815 3200 998 3257; x_wconf 76' lang='lat' dir='ltr'><em>institucione.</em></span> <span class='ocrx_word' id='word_1_273' title='bbox 1020 3195 1091 3251; x_wconf 84' lang='lat' dir='ltr'><em>Essa</em></span> <span class='ocrx_word' id='word_1_274' title='bbox 1104 3195 1216 3268; x_wconf 85' lang='lat' dir='ltr'><em>dunque</em></span> <span class='ocrx_word' id='word_1_275' title='bbox 1237 3213 1291 3254; x_wconf 88' lang='lat' dir='ltr'><em>non</em></span> <span class='ocrx_word' id='word_1_276' title='bbox 1305 3211 1400 3253; x_wconf 82' lang='lat' dir='ltr'><em>severe</em></span> <span class='ocrx_word' id='word_1_277' title='bbox 1417 3195 1449 3253; x_wconf 80' lang='grc' dir='ltr'><em>(ὲ</em></span> <span class='ocrx_word' id='word_1_278' title='bbox 1470 3197 1561 3269; x_wconf 83' lang='lat' dir='ltr'><em>rigida</em></span> <span class='ocrx_word' id='word_1_279' title='bbox 1577 3199 1618 3254; x_wconf 84' lang='grc'><em>(1(</em></span> <span class='ocrx_word' id='word_1_280' title='bbox 1630 3219 1640 3270; x_wconf 78' lang='lat'>3</span> 
     </span>
     <span class='ocr_line' id='line_1_28' title="bbox 436 3269 1644 3347; baseline -0.001 -16"><span class='ocrx_word' id='word_1_281' title='bbox 436 3275 487 3332; x_wconf 79' lang='lat' dir='ltr'><em>ehi</em></span> <span class='ocrx_word' id='word_1_282' title='bbox 501 3275 553 3332; x_wconf 87' lang='grc'><strong>(11(</strong></span> <span class='ocrx_word' id='word_1_283' title='bbox 566 3282 658 3334; x_wconf 90' lang='lat' dir='ltr'><em>tenere</em></span> <span class='ocrx_word' id='word_1_284' title='bbox 672 3274 817 3347; x_wconf 83' lang='lat' dir='ltr'><em>piuntoiine</em></span> <span class='ocrx_word' id='word_1_285' title='bbox 831 3273 846 3330; x_wconf 86' lang='lat' dir='ltr'><em>ie</em></span> <span class='ocrx_word' id='word_1_286' title='bbox 859 3277 957 3332; x_wconf 86' lang='lat' dir='ltr'><em>intesta</em></span> <span class='ocrx_word' id='word_1_287' title='bbox 971 3272 988 3326; x_wconf 90' lang='lat' dir='ltr'><em>ii</em></span> <span class='ocrx_word' id='word_1_288' title='bbox 1002 3270 1076 3340; x_wconf 87' lang='lat' dir='ltr'><em>geio.</em></span> <span class='ocrx_word' id='word_1_289' title='bbox 1093 3269 1131 3327; x_wconf 79' lang='lat' dir='ltr'><em>Ni</em></span> <span class='ocrx_word' id='word_1_290' title='bbox 1144 3271 1170 3328; x_wconf 82' lang='lat' dir='ltr'><em>d‘</em></span> <span class='ocrx_word' id='word_1_291' title='bbox 1181 3273 1347 3329; x_wconf 82' lang='lat' dir='ltr'><em>attrahenda</em></span> <span class='ocrx_word' id='word_1_292' title='bbox 1365 3271 1530 3343; x_wconf 86' lang='lat' dir='ltr'><em>lusinghiem</em></span> <span class='ocrx_word' id='word_1_293' title='bbox 1542 3288 1559 3328; x_wconf 88' lang='lat' dir='ltr'><em>e</em></span> <span class='ocrx_word' id='word_1_294' title='bbox 1574 3289 1644 3330; x_wconf 87' lang='lat' dir='ltr'><em>con·</em></span> 
     </span>
     <span class='ocr_line' id='line_1_29' title="bbox 435 3346 1644 3423; baseline -0.002 -15"><span class='ocrx_word' id='word_1_295' title='bbox 435 3350 628 3408; x_wconf 78' lang='lat' dir='ltr'><em>disesndenu:</em></span> <span class='ocrx_word' id='word_1_296' title='bbox 649 3349 763 3408; x_wconf 78' lang='grc'><strong>(1111(111</strong></span> <span class='ocrx_word' id='word_1_297' title='bbox 777 3350 795 3406; x_wconf 85' lang='lat' dir='ltr'><em>t’</em></span> <span class='ocrx_word' id='word_1_298' title='bbox 807 3351 924 3423; x_wconf 88' lang='lat' dir='ltr'><em>ingegno</em></span> <span class='ocrx_word' id='word_1_299' title='bbox 937 3363 991 3404; x_wconf 90' lang='lat' dir='ltr'><em>non</em></span> <span class='ocrx_word' id='word_1_300' title='bbox 1005 3346 1120 3402; x_wconf 82' lang='lat' dir='ltr'><em>luceiusi</em></span> <span class='ocrx_word' id='word_1_301' title='bbox 1141 3355 1312 3420; x_wconf 81' lang='lat' dir='ltr'><em>arrogantes</em></span> <span class='ocrx_word' id='word_1_302' title='bbox 1332 3348 1409 3404; x_wconf 84' lang='lat' dir='ltr'><em>fiere.</em></span> <span class='ocrx_word' id='word_1_303' title='bbox 1430 3349 1476 3404; x_wconf 84' lang='lat' dir='ltr'><em>Sin</em></span> <span class='ocrx_word' id='word_1_304' title='bbox 1494 3348 1644 3421; x_wconf 78' lang='lat' dir='ltr'><em>ingenuae</em></span> 
     </span>
     <span class='ocr_line' id='line_1_30' title="bbox 433 3421 1645 3498; baseline -0.002 -14"><span class='ocrx_word' id='word_1_305' title='bbox 433 3424 650 3498; x_wconf 77' lang='lat' dir='ltr'><em>liberale,tutehi</em></span> <span class='ocrx_word' id='word_1_306' title='bbox 661 3426 677 3481; x_wconf 89' lang='grc'><em>11</em></span> <span class='ocrx_word' id='word_1_307' title='bbox 691 3425 828 3497; x_wconf 74' lang='grc'><strong>(1111111111</strong></span> <span class='ocrx_word' id='word_1_308' title='bbox 842 3440 962 3482; x_wconf 84' lang='lat' dir='ltr'><em>cenesca</em></span> <span class='ocrx_word' id='word_1_309' title='bbox 975 3421 1013 3494; x_wconf 85' lang='lat' dir='ltr'><em>gii</em></span> <span class='ocrx_word' id='word_1_310' title='bbox 1027 3422 1115 3479; x_wconf 87' lang='lat' dir='ltr'><em>errari</em></span> <span class='ocrx_word' id='word_1_311' title='bbox 1128 3425 1187 3479; x_wconf 86' lang='lat' dir='ltr'><em>suoi</em></span> <span class='ocrx_word' id='word_1_312' title='bbox 1197 3424 1231 3481; x_wconf 88' lang='lat' dir='ltr'><em>ed</em></span> <span class='ocrx_word' id='word_1_313' title='bbox 1244 3427 1298 3480; x_wconf 85' lang='lat' dir='ltr'><em>ami</em></span> <span class='ocrx_word' id='word_1_314' title='bbox 1312 3423 1338 3479; x_wconf 88' lang='lat' dir='ltr'><em>di</em></span> <span class='ocrx_word' id='word_1_315' title='bbox 1352 3424 1531 3496; x_wconf 89' lang='lat' dir='ltr'><em>eorreggerii.</em></span> <span class='ocrx_word' id='word_1_316' title='bbox 1548 3426 1601 3481; x_wconf 87' lang='lat' dir='ltr'><em>Per</em></span> <span class='ocrx_word' id='word_1_317' title='bbox 1615 3424 1645 3483; x_wconf 88' lang='lat' dir='ltr'><em>io</em></span> 
     </span>
     <span class='ocr_line' id='line_1_31' title="bbox 433 3496 1646 3574; baseline -0.001 -16"><span class='ocrx_word' id='word_1_318' title='bbox 433 3500 510 3558; x_wconf 70' lang='grc'><strong>(11((</strong></span> <span class='ocrx_word' id='word_1_319' title='bbox 524 3503 540 3559; x_wconf 88' lang='grc'><em>11</em></span> <span class='ocrx_word' id='word_1_320' title='bbox 556 3502 654 3574; x_wconf 80' lang='lat' dir='ltr'><em>meglio</em></span> <span class='ocrx_word' id='word_1_321' title='bbox 669 3500 720 3557; x_wconf 84' lang='grc'><strong>(11(</strong></span> <span class='ocrx_word' id='word_1_322' title='bbox 734 3502 755 3556; x_wconf 86' lang='lat' dir='ltr'><em>si</em></span> <span class='ocrx_word' id='word_1_323' title='bbox 769 3500 895 3558; x_wconf 86' lang='lat' dir='ltr'><em>eondueu</em></span> <span class='ocrx_word' id='word_1_324' title='bbox 908 3519 923 3559; x_wconf 93' lang='lat' dir='ltr'><em>e</em></span> <span class='ocrx_word' id='word_1_325' title='bbox 937 3499 959 3554; x_wconf 80' lang='lat' dir='ltr'><em>s’</em></span> <span class='ocrx_word' id='word_1_326' title='bbox 971 3497 1072 3553; x_wconf 87' lang='lat' dir='ltr'><em>eduehi</em></span> <span class='ocrx_word' id='word_1_327' title='bbox 1088 3496 1166 3554; x_wconf 84' lang='lat' dir='ltr'><em>truta</em></span> <span class='ocrx_word' id='word_1_328' title='bbox 1180 3500 1342 3571; x_wconf 83' lang='lat' dir='ltr'><em>campagnia</em></span> <span class='ocrx_word' id='word_1_329' title='bbox 1355 3498 1397 3554; x_wconf 86' lang='lat' dir='ltr'><em>de’</em></span> <span class='ocrx_word' id='word_1_330' title='bbox 1406 3501 1465 3556; x_wconf 86' lang='lat' dir='ltr'><em>suoi</em></span> <span class='ocrx_word' id='word_1_331' title='bbox 1478 3498 1581 3572; x_wconf 84' lang='lat' dir='ltr'><em>egnati,</em></span> <span class='ocrx_word' id='word_1_332' title='bbox 1595 3515 1646 3557; x_wconf 84' lang='lat' dir='ltr'><em>uc-</em></span> 
     </span>
     <span class='ocr_line' id='line_1_32' title="bbox 434 3572 1644 3649; baseline -0.001 -15"><span class='ocrx_word' id='word_1_333' title='bbox 434 3577 550 3634; x_wconf 80' lang='lat' dir='ltr'><em>ciacchi</em></span> <span class='ocrx_word' id='word_1_334' title='bbox 564 3576 705 3649; x_wconf 82' lang='lat' dir='ltr'><em>apprendn</em></span> <span class='ocrx_word' id='word_1_335' title='bbox 719 3575 736 3631; x_wconf 93' lang='grc'><em>11</em></span> <span class='ocrx_word' id='word_1_336' title='bbox 750 3593 830 3633; x_wconf 85' lang='lat' dir='ltr'><em>senso</em></span> <span class='ocrx_word' id='word_1_337' title='bbox 844 3591 972 3640; x_wconf 83' lang='lat' dir='ltr'><em>comune,</em></span> <span class='ocrx_word' id='word_1_338' title='bbox 988 3588 1085 3628; x_wconf 83' lang='lat' dir='ltr'><em>norma</em></span> <span class='ocrx_word' id='word_1_339' title='bbox 1100 3572 1125 3629; x_wconf 83' lang='lat' dir='ltr'><em>d’</em></span> <span class='ocrx_word' id='word_1_340' title='bbox 1137 3576 1199 3646; x_wconf 88' lang='lat' dir='ltr'><em>ogni</em></span> <span class='ocrx_word' id='word_1_341' title='bbox 1213 3575 1349 3646; x_wconf 83' lang='lat' dir='ltr'><em>prudenza</em></span> <span class='ocrx_word' id='word_1_342' title='bbox 1361 3575 1395 3632; x_wconf 89' lang='lat' dir='ltr'><em>ed</em></span> <span class='ocrx_word' id='word_1_343' title='bbox 1408 3575 1567 3646; x_wconf 83' lang='lat' dir='ltr'><em>eloquenza.</em></span> <span class='ocrx_word' id='word_1_344' title='bbox 1582 3577 1644 3633; x_wconf 82' lang='lat' dir='ltr'><em>Ein</em></span> 
     </span>
     <span class='ocr_line' id='line_1_33' title="bbox 430 3646 1641 3721; baseline 0 -12"><span class='ocrx_word' id='word_1_345' title='bbox 430 3654 517 3710; x_wconf 81' lang='lat' dir='ltr'><em>veriti</em></span> <span class='ocrx_word' id='word_1_346' title='bbox 531 3654 612 3709; x_wconf 85' lang='lat' dir='ltr'><em>niuno</em></span> <span class='ocrx_word' id='word_1_347' title='bbox 625 3668 690 3709; x_wconf 88' lang='lat' dir='ltr'><em>cosa</em></span> <span class='ocrx_word' id='word_1_348' title='bbox 703 3651 738 3707; x_wconf 87' lang='grc'><em>(1(</em></span> <span class='ocrx_word' id='word_1_349' title='bbox 750 3655 911 3710; x_wconf 82' lang='lat' dir='ltr'><em>Demostene</em></span> <span class='ocrx_word' id='word_1_350' title='bbox 926 3668 941 3709; x_wconf 90' lang='lat' dir='ltr'><em>e</em></span> <span class='ocrx_word' id='word_1_351' title='bbox 955 3650 990 3706; x_wconf 89' lang='grc'><em>(1(</em></span> <span class='ocrx_word' id='word_1_352' title='bbox 1005 3646 1136 3707; x_wconf 83' lang='lat' dir='ltr'><em>Cicerone</em></span> <span class='ocrx_word' id='word_1_353' title='bbox 1151 3651 1173 3717; x_wconf 87' lang='grc'><em>(1</em></span> <span class='ocrx_word' id='word_1_354' title='bbox 1192 3658 1271 3707; x_wconf 85' lang='lat' dir='ltr'><em>trava</em></span> <span class='ocrx_word' id='word_1_355' title='bbox 1283 3652 1376 3717; x_wconf 88' lang='lat' dir='ltr'><em>detta,</em></span> <span class='ocrx_word' id='word_1_356' title='bbox 1392 3651 1443 3707; x_wconf 87' lang='lat' dir='ltr'><em>che</em></span> <span class='ocrx_word' id='word_1_357' title='bbox 1459 3650 1531 3721; x_wconf 79' lang='lat' dir='ltr'><em>dopo</em></span> <span class='ocrx_word' id='word_1_358' title='bbox 1546 3652 1641 3709; x_wconf 82' lang='lat' dir='ltr'><em>averia</em></span> 
     </span>
     <span class='ocr_line' id='line_1_34' title="bbox 432 3726 1645 3802; baseline -0.001 -17"><span class='ocrx_word' id='word_1_359' title='bbox 432 3728 486 3786; x_wconf 87' lang='lat' dir='ltr'><em>essi</em></span> <span class='ocrx_word' id='word_1_360' title='bbox 500 3728 584 3802; x_wconf 86' lang='lat' dir='ltr'><em>detta,</em></span> <span class='ocrx_word' id='word_1_361' title='bbox 598 3745 652 3785; x_wconf 89' lang='lat' dir='ltr'><em>non</em></span> <span class='ocrx_word' id='word_1_362' title='bbox 667 3727 773 3784; x_wconf 84' lang='lat' dir='ltr'><em>credesi</em></span> <span class='ocrx_word' id='word_1_363' title='bbox 787 3730 850 3801; x_wconf 88' lang='lat' dir='ltr'><em>ogni</em></span> <span class='ocrx_word' id='word_1_364' title='bbox 863 3744 942 3784; x_wconf 79' lang='grc'><strong>((11(</strong></span> <span class='ocrx_word' id='word_1_365' title='bbox 957 3744 972 3783; x_wconf 91' lang='grc'><em>(</em></span> <span class='ocrx_word' id='word_1_366' title='bbox 986 3727 1136 3782; x_wconf 84' lang='lat' dir='ltr'><em>iitetternto</em></span> <span class='ocrx_word' id='word_1_367' title='bbox 1151 3741 1232 3782; x_wconf 87' lang='lat' dir='ltr'><em>nomo</em></span> <span class='ocrx_word' id='word_1_368' title='bbox 1251 3726 1276 3783; x_wconf 84' lang='lat' dir='ltr'><em>d’</em></span> <span class='ocrx_word' id='word_1_369' title='bbox 1286 3728 1379 3783; x_wconf 84' lang='lat' dir='ltr'><em>averia</em></span> <span class='ocrx_word' id='word_1_370' title='bbox 1392 3733 1489 3796; x_wconf 78' lang='lat' dir='ltr'><em>patula</em></span> <span class='ocrx_word' id='word_1_371' title='bbox 1502 3726 1645 3800; x_wconf 83' lang='lat' dir='ltr'><em>euch’egli</em></span> 
     </span>
     <span class='ocr_line' id='line_1_35' title="bbox 429 3798 1642 3877; baseline 0 -17"><span class='ocrx_word' id='word_1_372' title='bbox 429 3805 580 3861; x_wconf 83' lang='lat' dir='ltr'><em>inveniere.</em></span> <span class='ocrx_word' id='word_1_373' title='bbox 596 3805 678 3861; x_wconf 83' lang='lat' dir='ltr'><em>Giova</em></span> <span class='ocrx_word' id='word_1_374' title='bbox 697 3804 907 3877; x_wconf 78' lang='lat' dir='ltr'><em>singolarmente</em></span> <span class='ocrx_word' id='word_1_375' title='bbox 927 3803 978 3859; x_wconf 90' lang='lat' dir='ltr'><em>che</em></span> <span class='ocrx_word' id='word_1_376' title='bbox 998 3800 1072 3873; x_wconf 79' lang='lat' dir='ltr'><em>pessi</em></span> <span class='ocrx_word' id='word_1_377' title='bbox 1092 3798 1290 3859; x_wconf 85' lang='lat' dir='ltr'><em>i’udotescenm</em></span> <span class='ocrx_word' id='word_1_378' title='bbox 1309 3803 1381 3858; x_wconf 85' lang='grc'><strong>((11(</strong></span> <span class='ocrx_word' id='word_1_379' title='bbox 1400 3803 1472 3857; x_wconf 79' lang='grc'><strong>(1111</strong></span> <span class='ocrx_word' id='word_1_380' title='bbox 1485 3816 1554 3872; x_wconf 85' lang='lat' dir='ltr'><em>cupa</em></span> <span class='ocrx_word' id='word_1_381' title='bbox 1570 3802 1642 3860; x_wconf 82' lang='lat' dir='ltr'><em>detta</em></span> 
     </span>
     <span class='ocr_line' id='line_1_36' title="bbox 430 3874 1642 3953; baseline 0 -17"><span class='ocrx_word' id='word_1_382' title='bbox 430 3881 552 3950; x_wconf 66' lang='lat' dir='ltr'><em>naeinam</em></span> <span class='ocrx_word' id='word_1_383' title='bbox 571 3878 670 3951; x_wconf 78' lang='lat' dir='ltr'><em>poiche</em></span> <span class='ocrx_word' id='word_1_384' title='bbox 687 3879 714 3936; x_wconf 89' lang='lat' dir='ltr'><em>io</em></span> <span class='ocrx_word' id='word_1_385' title='bbox 735 3881 879 3953; x_wconf 80' lang='lat' dir='ltr'><em>splendore</em></span> <span class='ocrx_word' id='word_1_386' title='bbox 899 3897 914 3937; x_wconf 91' lang='lat' dir='ltr'><em>e</em></span> <span class='ocrx_word' id='word_1_387' title='bbox 937 3878 1134 3950; x_wconf 80' lang='lat' dir='ltr'><em>magnificenze</em></span> <span class='ocrx_word' id='word_1_388' title='bbox 1154 3874 1223 3934; x_wconf 87' lang='lat' dir='ltr'><em>delia</em></span> <span class='ocrx_word' id='word_1_389' title='bbox 1242 3880 1307 3935; x_wconf 79' lang='lat' dir='ltr'><em>citii</em></span> <span class='ocrx_word' id='word_1_390' title='bbox 1328 3876 1488 3949; x_wconf 79' lang='lat' dir='ltr'><em>splendidis</em></span> <span class='ocrx_word' id='word_1_391' title='bbox 1504 3880 1642 3949; x_wconf 84' lang='lat' dir='ltr'><em>magnitiei</em></span> 
     </span>
     <span class='ocr_line' id='line_1_37' title="bbox 433 3951 1645 4029; baseline 0.001 -17"><span class='ocrx_word' id='word_1_392' title='bbox 433 3956 523 4012; x_wconf 80' lang='lat' dir='ltr'><em>torma</em></span> <span class='ocrx_word' id='word_1_393' title='bbox 536 3956 574 4029; x_wconf 86' lang='lat' dir='ltr'><em>gli</em></span> <span class='ocrx_word' id='word_1_394' title='bbox 588 3958 682 4013; x_wconf 80' lang='lat' dir='ltr'><em>enimi:</em></span> <span class='ocrx_word' id='word_1_395' title='bbox 697 3971 713 4014; x_wconf 90' lang='lat' dir='ltr'><em>e</em></span> <span class='ocrx_word' id='word_1_396' title='bbox 727 3956 750 4011; x_wconf 94' lang='grc'><em>(1</em></span> <span class='ocrx_word' id='word_1_397' title='bbox 764 3971 886 4028; x_wconf 85' lang='lat' dir='ltr'><em>asserva,</em></span> <span class='ocrx_word' id='word_1_398' title='bbox 901 3955 943 4010; x_wconf 85' lang='lat' dir='ltr'><em>ne‘</em></span> <span class='ocrx_word' id='word_1_399' title='bbox 955 3953 1078 4010; x_wconf 86' lang='lat' dir='ltr'><em>mussimi</em></span> <span class='ocrx_word' id='word_1_400' title='bbox 1092 3966 1106 4005; x_wconf 86' lang='lat' dir='ltr'><em>e</em></span> <span class='ocrx_word' id='word_1_401' title='bbox 1121 3951 1267 4011; x_wconf 79' lang='lat' dir='ltr'><em>felicissimi</em></span> <span class='ocrx_word' id='word_1_402' title='bbox 1281 3953 1387 4025; x_wconf 84' lang='lat' dir='ltr'><em>imperii</em></span> <span class='ocrx_word' id='word_1_403' title='bbox 1400 3968 1465 4010; x_wconf 84' lang='lat' dir='ltr'><em>ever</em></span> <span class='ocrx_word' id='word_1_404' title='bbox 1474 3952 1563 4008; x_wconf 87' lang='lat' dir='ltr'><em>tiorite</em></span> <span class='ocrx_word' id='word_1_405' title='bbox 1574 3955 1582 4008; x_wconf 89' lang='lat' dir='ltr'><em>i</em></span> <span class='ocrx_word' id='word_1_406' title='bbox 1595 3970 1645 4012; x_wconf 83' lang='lat' dir='ltr'><em>su.-</em></span> 
     </span>
     <span class='ocr_line' id='line_1_38' title="bbox 432 4027 1643 4105; baseline -0.002 -18"><span class='ocrx_word' id='word_1_407' title='bbox 432 4030 508 4087; x_wconf 90' lang='lat' dir='ltr'><em>biimi</em></span> <span class='ocrx_word' id='word_1_408' title='bbox 522 4033 628 4105; x_wconf 88' lang='lat' dir='ltr'><em>ingegni</em></span> <span class='ocrx_word' id='word_1_409' title='bbox 642 4033 676 4091; x_wconf 85' lang='lat' dir='ltr'><em>ed</em></span> <span class='ocrx_word' id='word_1_410' title='bbox 690 4031 822 4102; x_wconf 64' lang='grc'><strong>1311111(</strong></span> <span class='ocrx_word' id='word_1_411' title='bbox 837 4029 939 4102; x_wconf 76' lang='lat' dir='ltr'><em>pecchi</em></span> <span class='ocrx_word' id='word_1_412' title='bbox 953 4044 1031 4085; x_wconf 88' lang='lat' dir='ltr'><em>came</em></span> <span class='ocrx_word' id='word_1_413' title='bbox 1046 4029 1073 4082; x_wconf 90' lang='grc'><em>(1</em></span> <span class='ocrx_word' id='word_1_414' title='bbox 1087 4041 1155 4084; x_wconf 86' lang='lat' dir='ltr'><em>sona</em></span> <span class='ocrx_word' id='word_1_415' title='bbox 1168 4045 1300 4101; x_wconf 82' lang='lat' dir='ltr'><em>prospere</em></span> <span class='ocrx_word' id='word_1_416' title='bbox 1314 4046 1330 4086; x_wconf 92' lang='lat' dir='ltr'><em>o</em></span> <span class='ocrx_word' id='word_1_417' title='bbox 1344 4045 1457 4087; x_wconf 82' lang='lat' dir='ltr'><em>avverse</em></span> <span class='ocrx_word' id='word_1_418' title='bbox 1471 4027 1496 4083; x_wconf 88' lang='lat' dir='ltr'><em>ie</em></span> <span class='ocrx_word' id='word_1_419' title='bbox 1506 4043 1584 4102; x_wconf 87' lang='lat' dir='ltr'><em>ease,</em></span> <span class='ocrx_word' id='word_1_420' title='bbox 1597 4031 1643 4087; x_wconf 91' lang='lat' dir='ltr'><em>noi</em></span> 
     </span>
     <span class='ocr_line' id='line_1_39' title="bbox 429 4100 1642 4180; baseline -0.002 -16"><span class='ocrx_word' id='word_1_421' title='bbox 429 4107 516 4164; x_wconf 84' lang='lat' dir='ltr'><em>sinmo</em></span> <span class='ocrx_word' id='word_1_422' title='bbox 530 4123 546 4162; x_wconf 90' lang='lat'>0</span> <span class='ocrx_word' id='word_1_423' title='bbox 559 4107 655 4180; x_wconf 85' lang='lat' dir='ltr'><em>grandi</em></span> <span class='ocrx_word' id='word_1_424' title='bbox 669 4123 685 4163; x_wconf 92' lang='lat' dir='ltr'><em>o</em></span> <span class='ocrx_word' id='word_1_425' title='bbox 698 4107 785 4164; x_wconf 86' lang='lat' dir='ltr'><em>umiii.</em></span> <span class='ocrx_word' id='word_1_426' title='bbox 802 4109 823 4163; x_wconf 86' lang='lat' dir='ltr'>E</span> <span class='ocrx_word' id='word_1_427' title='bbox 837 4109 856 4164; x_wconf 92' lang='grc'><em>11</em></span> <span class='ocrx_word' id='word_1_428' title='bbox 871 4120 1035 4163; x_wconf 77' lang='lat' dir='ltr'><em>conversare</em></span> <span class='ocrx_word' id='word_1_429' title='bbox 1050 4100 1143 4170; x_wconf 81' lang='lat' dir='ltr'><em>co’piir</em></span> <span class='ocrx_word' id='word_1_430' title='bbox 1154 4104 1247 4163; x_wconf 85' lang='lat' dir='ltr'><em>cultio</em></span> <span class='ocrx_word' id='word_1_431' title='bbox 1261 4106 1364 4163; x_wconf 82' lang='lat' dir='ltr'><em>liberali</em></span> <span class='ocrx_word' id='word_1_432' title='bbox 1377 4105 1448 4161; x_wconf 90' lang='grc'><strong>(1(11(</strong></span> <span class='ocrx_word' id='word_1_433' title='bbox 1460 4104 1571 4160; x_wconf 79' lang='lat' dir='ltr'><em>nacione</em></span> <span class='ocrx_word' id='word_1_434' title='bbox 1586 4105 1642 4162; x_wconf 86' lang='lat' dir='ltr'><em>ior-</em></span> 
     </span>
     <span class='ocr_line' id='line_1_40' title="bbox 429 4176 1642 4255; baseline -0.002 -16"><span class='ocrx_word' id='word_1_435' title='bbox 429 4183 506 4239; x_wconf 87' lang='lat' dir='ltr'><em>nisee</em></span> <span class='ocrx_word' id='word_1_436' title='bbox 520 4182 545 4238; x_wconf 87' lang='grc'><em>1(</em></span> <span class='ocrx_word' id='word_1_437' title='bbox 557 4184 682 4239; x_wconf 83' lang='grc'><strong>(1111111111</strong></span> <span class='ocrx_word' id='word_1_438' title='bbox 694 4183 728 4240; x_wconf 89' lang='grc'><em>((1</em></span> <span class='ocrx_word' id='word_1_439' title='bbox 740 4183 869 4255; x_wconf 83' lang='lat' dir='ltr'><em>elegnnzu</em></span> <span class='ocrx_word' id='word_1_440' title='bbox 881 4182 923 4241; x_wconf 91' lang='lat' dir='ltr'><em>det</em></span> <span class='ocrx_word' id='word_1_441' title='bbox 939 4195 1076 4238; x_wconf 86' lang='lat' dir='ltr'><em>sermone.</em></span> <span class='ocrx_word' id='word_1_442' title='bbox 1093 4176 1138 4235; x_wconf 90' lang='grc' dir='ltr'><em>Μ(</em></span> <span class='ocrx_word' id='word_1_443' title='bbox 1152 4181 1241 4237; x_wconf 89' lang='lat' dir='ltr'><em>niente</em></span> <span class='ocrx_word' id='word_1_444' title='bbox 1255 4183 1292 4255; x_wconf 88' lang='lat' dir='ltr'><em>gii</em></span> <span class='ocrx_word' id='word_1_445' title='bbox 1313 4183 1347 4237; x_wconf 90' lang='grc'><em>11(</em></span> <span class='ocrx_word' id='word_1_446' title='bbox 1364 4181 1412 4251; x_wconf 82' lang='lat' dir='ltr'><em>piu</em></span> <span class='ocrx_word' id='word_1_447' title='bbox 1425 4179 1502 4249; x_wconf 87' lang='lat' dir='ltr'><em>utile,</em></span> <span class='ocrx_word' id='word_1_448' title='bbox 1518 4179 1570 4237; x_wconf 86' lang='lat' dir='ltr'><em>che</em></span> <span class='ocrx_word' id='word_1_449' title='bbox 1585 4180 1642 4238; x_wconf 83' lang='lat' dir='ltr'><em>iar·</em></span> 
     </span>
     <span class='ocr_line' id='line_1_41' title="bbox 431 4252 1641 4331; baseline -0.002 -16"><span class='ocrx_word' id='word_1_450' title='bbox 431 4260 517 4315; x_wconf 84' lang='lat' dir='ltr'><em>marsi</em></span> <span class='ocrx_word' id='word_1_451' title='bbox 532 4259 619 4314; x_wconf 87' lang='lat' dir='ltr'><em>ottimi</em></span> <span class='ocrx_word' id='word_1_452' title='bbox 633 4260 748 4315; x_wconf 87' lang='lat' dir='ltr'><em>eostumi</em></span> <span class='ocrx_word' id='word_1_453' title='bbox 762 4260 796 4315; x_wconf 88' lang='lat' dir='ltr'><em>ed</em></span> <span class='ocrx_word' id='word_1_454' title='bbox 811 4261 924 4331; x_wconf 79' lang='lat' dir='ltr'><em>empirsi</em></span> <span class='ocrx_word' id='word_1_455' title='bbox 938 4258 963 4314; x_wconf 90' lang='lat' dir='ltr'><em>di</em></span> <span class='ocrx_word' id='word_1_456' title='bbox 977 4258 1068 4314; x_wconf 83' lang='lat' dir='ltr'><em>bunne</em></span> <span class='ocrx_word' id='word_1_457' title='bbox 1082 4256 1134 4312; x_wconf 84' lang='lat' dir='ltr'><em>arti</em></span> <span class='ocrx_word' id='word_1_458' title='bbox 1154 4273 1169 4312; x_wconf 95' lang='lat' dir='ltr'><em>e</em></span> <span class='ocrx_word' id='word_1_459' title='bbox 1190 4257 1281 4330; x_wconf 75' lang='lat' dir='ltr'><em>d’ogni</em></span> <span class='ocrx_word' id='word_1_460' title='bbox 1302 4258 1373 4313; x_wconf 80' lang='lat' dir='ltr'><em>virtu</em></span> <span class='ocrx_word' id='word_1_461' title='bbox 1386 4256 1515 4312; x_wconf 83' lang='lat' dir='ltr'><em>d&#39;animo.</em></span> <span class='ocrx_word' id='word_1_462' title='bbox 1533 4252 1641 4326; x_wconf 80' lang='lat' dir='ltr'><em>Imper-</em></span> 
     </span>
     <span class='ocr_line' id='line_1_42' title="bbox 431 4330 1642 4405; baseline -0.001 -15"><span class='ocrx_word' id='word_1_463' title='bbox 431 4332 544 4390; x_wconf 78' lang='lat' dir='ltr'><em>ciocehe</em></span> <span class='ocrx_word' id='word_1_464' title='bbox 558 4334 584 4389; x_wconf 90' lang='grc' dir='ltr'><em>Ι(</em></span> <span class='ocrx_word' id='word_1_465' title='bbox 598 4335 704 4404; x_wconf 80' lang='lat' dir='ltr'><em>probiti</em></span> <span class='ocrx_word' id='word_1_466' title='bbox 718 4334 743 4390; x_wconf 89' lang='lat' dir='ltr'><em>di</em></span> <span class='ocrx_word' id='word_1_467' title='bbox 758 4335 812 4392; x_wconf 82' lang='lat' dir='ltr'><em>vito</em></span> <span class='ocrx_word' id='word_1_468' title='bbox 826 4335 943 4392; x_wconf 85' lang='lat' dir='ltr'><em>concilia</em></span> <span class='ocrx_word' id='word_1_469' title='bbox 956 4333 1120 4391; x_wconf 83' lang='lat' dir='ltr'><em>uii’Orutore</em></span> <span class='ocrx_word' id='word_1_470' title='bbox 1134 4332 1299 4390; x_wconf 78' lang='lat' dir='ltr'><em>mollissima</em></span> <span class='ocrx_word' id='word_1_471' title='bbox 1309 4334 1424 4405; x_wconf 73' lang='lat' dir='ltr'><em>grunitu,</em></span> <span class='ocrx_word' id='word_1_472' title='bbox 1437 4347 1452 4387; x_wconf 90' lang='lat' dir='ltr'><em>e</em></span> <span class='ocrx_word' id='word_1_473' title='bbox 1463 4330 1518 4387; x_wconf 89' lang='grc'><strong>(11(</strong></span> <span class='ocrx_word' id='word_1_474' title='bbox 1529 4334 1642 4404; x_wconf 84' lang='lat' dir='ltr'><em>Sapien-</em></span> 
     </span>
     <span class='ocr_line' id='line_1_43' title="bbox 431 4406 1640 4483; baseline 0 -17"><span class='ocrx_word' id='word_1_475' title='bbox 431 4425 463 4466; x_wconf 80' lang='grc'><em>11(</em></span> <span class='ocrx_word' id='word_1_476' title='bbox 477 4412 527 4466; x_wconf 87' lang='lat' dir='ltr'><em>che</em></span> <span class='ocrx_word' id='word_1_477' title='bbox 541 4409 555 4465; x_wconf 79' lang='lat' dir='ltr'><em>i</em></span> <span class='ocrx_word' id='word_1_478' title='bbox 571 4410 664 4482; x_wconf 83' lang='lat' dir='ltr'><em>regola</em></span> <span class='ocrx_word' id='word_1_479' title='bbox 678 4410 704 4465; x_wconf 91' lang='lat' dir='ltr'><em>di</em></span> <span class='ocrx_word' id='word_1_480' title='bbox 720 4410 762 4465; x_wconf 83' lang='grc'><em>(11</em></span> <span class='ocrx_word' id='word_1_481' title='bbox 776 4411 828 4467; x_wconf 89' lang='lat' dir='ltr'><em>che</em></span> <span class='ocrx_word' id='word_1_482' title='bbox 842 4414 898 4470; x_wconf 87' lang='lat' dir='ltr'><em>tare</em></span> <span class='ocrx_word' id='word_1_483' title='bbox 912 4427 928 4466; x_wconf 88' lang='lat' dir='ltr'><em>o</em></span> <span class='ocrx_word' id='word_1_484' title='bbox 942 4410 1033 4483; x_wconf 85' lang='lat' dir='ltr'><em>iuggir</em></span> <span class='ocrx_word' id='word_1_485' title='bbox 1048 4407 1069 4461; x_wconf 90' lang='lat' dir='ltr'><em>si</em></span> <span class='ocrx_word' id='word_1_486' title='bbox 1084 4406 1163 4478; x_wconf 86' lang='lat' dir='ltr'><em>dere,</em></span> <span class='ocrx_word' id='word_1_487' title='bbox 1180 4410 1334 4467; x_wconf 85' lang='lat' dir='ltr'><em>iacitmente</em></span> <span class='ocrx_word' id='word_1_488' title='bbox 1348 4409 1371 4463; x_wconf 88' lang='lat' dir='ltr'><em>si</em></span> <span class='ocrx_word' id='word_1_489' title='bbox 1389 4423 1579 4482; x_wconf 82' lang='lat' dir='ltr'><em>accompagnu</em></span> <span class='ocrx_word' id='word_1_490' title='bbox 1591 4425 1640 4465; x_wconf 89' lang='lat' dir='ltr'><em>eo·</em></span> 
     </span>
     <span class='ocr_line' id='line_1_44' title="bbox 430 4483 1641 4619; baseline 0.002 -78"><span class='ocrx_word' id='word_1_491' title='bbox 430 4499 475 4619; x_wconf 54' lang='lat' dir='ltr'><em>mle</em></span> <span class='ocrx_word' id='word_1_492' title='bbox 485 4486 590 4574; x_wconf 73' lang='lat' dir='ltr'><em>nncellu</em></span> <span class='ocrx_word' id='word_1_493' title='bbox 603 4485 786 4572; x_wconf 75' lang='lat' dir='ltr'><em>i’iitoquenzn,</em></span> <span class='ocrx_word' id='word_1_494' title='bbox 806 4486 833 4546; x_wconf 87' lang='grc'><em>1(</em></span> <span class='ocrx_word' id='word_1_495' title='bbox 852 4486 933 4564; x_wconf 79' lang='lat' dir='ltr'><em>quale</em></span> <span class='ocrx_word' id='word_1_496' title='bbox 953 4484 1186 4558; x_wconf 83' lang='lat' dir='ltr'><em>iuceorgimento</em></span> <span class='ocrx_word' id='word_1_497' title='bbox 1205 4502 1221 4545; x_wconf 88' lang='lat' dir='ltr'><em>o</em></span> <span class='ocrx_word' id='word_1_498' title='bbox 1236 4493 1295 4545; x_wconf 82' lang='grc'><strong>((1(</strong></span> <span class='ocrx_word' id='word_1_499' title='bbox 1308 4485 1335 4544; x_wconf 90' lang='grc'><em>(11</em></span> <span class='ocrx_word' id='word_1_500' title='bbox 1347 4484 1403 4543; x_wconf 85' lang='grc'><strong>(11((</strong></span> <span class='ocrx_word' id='word_1_501' title='bbox 1418 4500 1434 4541; x_wconf 91' lang='lat' dir='ltr'><em>o</em></span> <span class='ocrx_word' id='word_1_502' title='bbox 1448 4483 1478 4543; x_wconf 87' lang='lat' dir='ltr'><em>di</em></span> <span class='ocrx_word' id='word_1_503' title='bbox 1490 4491 1585 4544; x_wconf 81' lang='lat' dir='ltr'><em>tacere</em></span> <span class='ocrx_word' id='word_1_504' title='bbox 1597 4486 1641 4543; x_wconf 82' lang='grc'><em>(1)</em></span> 
     </span>
     <span class='ocr_line' id='line_1_45' title="bbox 432 4575 1635 4622; baseline -0.007 -5"><span class='ocrx_word' id='word_1_505' title='bbox 432 4575 448 4617; x_wconf 91' lang='lat' dir='ltr'><em>c</em></span> <span class='ocrx_word' id='word_1_506' title='bbox 471 4576 485 4620; x_wconf 85' lang='lat' dir='ltr'><em>e</em></span> <span class='ocrx_word' id='word_1_507' title='bbox 500 4578 523 4620; x_wconf 81' lang='grc' dir='ltr'><em>(ι</em></span> <span class='ocrx_word' id='word_1_508' title='bbox 536 4576 674 4622; x_wconf 86' lang='lat' dir='ltr'><em>conuene.</em></span> <span class='ocrx_word' id='word_1_509' title='bbox 1631 4597 1635 4609; x_wconf 89' lang='lat'><strong>.</strong></span> 
     </span>
    </p>
   </div>
   <div class='ocr_carea' id='block_1_5' title="bbox 0 0 1976 5592">
    <p class='ocr_par' dir='ltr' id='par_1_7' title="bbox 0 0 1976 5592">
     <span class='ocr_line' id='line_1_46' title="bbox 0 0 1976 5592; baseline 0 5"><span class='ocrx_word' id='word_1_510' title='bbox 0 0 1976 5592; x_wconf 95' lang='lat' dir='ltr'><em> </em></span> 
     </span>
    </p>
   </div>
  </div>
 </body>
</html>
