3942 5592
268 596 271 615 '
318 610 372 655 coeo
379 610 436 672 per
448 591 587 672 publica
599 590 680 652 urbis
694 587 834 668 bospitio,
847 606 908 650 uno
921 593 1009 667 atque
1025 593 1093 649 item
1107 587 1200 649 altera
1211 596 1307 669 nocte,
1323 590 1455 665 undique
1469 607 1538 650 con-

261 1102 264 1155 l

1438 483 1494 546 {83

316 688 454 763 mutum,
471 688 505 745 ct
525 701 589 762 per
601 687 723 747 crateris
736 681 930 760 Neapolitani
944 687 1063 743 itinera.
1082 678 1140 741 Sed
1162 686 1371 760 neqndqucru.
1386 681 1465 743 Nom
1478 686 1536 744 Be·

316 782 417 840 mmnti
429 783 521 840 citra
536 797 653 840 munem
667 778 854 860 offensionem
868 782 1038 839 consistunt.
1050 776 1105 836 Per
1119 774 1173 837 bos
1186 779 1250 838 dics
1266 779 1408 858 Viplicna,
1422 786 1537 856 quiaesi-

315 871 387 930 tionis
400 873 603 947 impatientia
616 871 732 931 tandem
744 869 972 946 ciclus,aliquot
987 886 1027 927 ce
1035 870 1229 929 Patriciornm
1237 872 1340 930 ordine
1352 872 1532 952 conjurasse,

314 959 548 1020 cibranciscum
571 957 737 1020 Torresium
759 961 915 1037 bispaaica
927 963 1019 1036 stirpe
1031 957 1175 1017 lesuitam
1199 959 1411 1039 conjurationis
1435 967 1535 1022 intime

261 1070 263 1075 ’
314 1057 451 1110 mucium
466 1055 631 1113 indicavit.
651 1052 721 1110 Cum
735 1055 810 1111 enim
825 1050 990 1131 conjuratio
1001 1054 1028 1108 et
1037 1047 1145 1109 annae
1159 1057 1186 1110 et
1201 1052 1330 1130 Neapoli
1340 1053 1533 1129 machinaret,

314 1152 334 1208 et
350 1141 585 1222 Torresiipatcr
598 1161 687 1222 repno
702 1143 873 1202 interdictus
884 1146 916 1200 in
934 1142 1069 1200 Caesarei
1078 1139 1186 1220 lopati
1200 1145 1284 1203 domo
1298 1150 1440 1217 versaret,
1459 1162 1534 1203 com-

314 1233 406 1297 modus
419 1235 598 1316 conjuratis
614 1235 785 1295 b'ranciseus
793 1233 875 1310 filins
888 1239 966 1295 risus
974 1238 1027 1308 est,
1040 1239 1091 1309 qui
1101 1241 1168 1293 acta
1178 1236 1389 1316 conjurat-ionis
1401 1242 1535 1317 utrinque

313 1336 427 1409 receptu
435 1349 501 1408 per·
517 1331 634 1392 litteras
650 1330 781 1409 Spinello
794 1329 916 1389 Romam
930 1335 1011 1407 patri
1028 1331 1365 1408 coinmunicarelintur
1380 1333 1535 1408 confestim

317 1424 479 1485 Torrcsium
496 1420 707 1500 comprehendi
721 1427 911 1498 imperatum3
927 1423 979 1480 sed
993 1439 1040 1480 res
1053 1439 1110 1497 pro
1132 1427 1198 1481 voto
1211 1442 1269 1483 non
1284 1426 1399 1501 cecidit,
1413 1442 1482 1483 nam
1496 1424 1535 1482 li·

313 1513 484 1591 etorcsfulsi
493 1521 527 1574 in
543 1513 603 1572 aleo
618 1517 760 1591 imperato
772 1510 913 1588 (coenaret.
931 1511 977 1571 Ibi
989 1517 1051 1570 turn
1066 1510 1226 1588 Inquisitor
1236 1514 1401 1595 Majestatis
1411 1518 1532 1591 instare,

312 1623 405 1682 ornem
420 1601 653 1678 stmnncialem,
668 1603 731 1682 ejus
741 1599 876 1677 familiae
889 1602 1047 1678 Rectoreru,
1062 1606 1095 1660 ut
1115 1603 1293 1679 Torresium,
1307 1621 1457 1681 omnesque
1469 1604 1533 1684 ejus

312 1697 419 1760 litteras
432 1703 583 1778 preamium
597 1701 739 1759 malcerius
753 1700 903 1774 traderet,
917 1703 944 1757 el
958 1696 1105 1774 quidquid
1113 1700 1149 1758 de
1165 1699 1297 1779 Torrcsio
1311 1705 1450 1777 excipere
1459 1715 1534 1776 pos-

312 1794 362 1867 set,
375 1793 419 1852 ad
433 1791 563 1852 ludices
578 1790 740 1871 Mcjestntis
754 1789 895 1866 deferret.
910 1790 967 1849 Sed
981 1791 1052 1848 dum
1062 1787 1256 1849 lbocinciulis
1270 1782 1407 1869 cissatp'n
1419 1794 1534 1849 territo-

313 1891 352 1946 rio
365 1885 535 1964 Pontificio,
550 1903 697 1963 usquequo
707 1885 998 1963 llepniporripnntur
1004 1883 1089 1958 fines,
1102 1889 1135 1943 in
1147 1882 1261 1960 serrum
1273 1872 1463 1963 ir‘ipcrtatum
1477 1887 1529 1946 est.

317 1976 507 2057 Quapropter
522 1976 637 2036 Psoron
656 1975 767 2035 Ioanni
779 1975 955 2053 Hieronymo
969 1977 1147 2051 ‚threuoioio
1160 1992 1303 2035 summum
1317 1990 1464 2034 armorum
1478 1978 1533 2033 iru-

310 2074 422 2145 perium
434 2074 469 2128 in
480 2066 650 2128 dicentibus
658 2070 686 2126 ct
703 2064 825 2126 Vestinis
840 2063 1039 2139 demandavit,
1048 2069 1081 2123 ut
1091 2069 1138 2123 cir·
1151 2065 1192 2124 ibi
1204 2070 1375 2125 auctoritate
1385 2069 1412 2123 ct
1423 2066 1533 2125 ditione

309 2169 410 2240 potens
426 2169 535 2223 contra
548 2180 622 2224 ausa
637 2166 737 2240 staret,
753 2166 838 2239 atque
852 2164 927 2221 odeo
941 2178 959 2220 a
974 2161 1073 2221 Marco
1090 2159 1229 2237 Caratalo
1243 2162 1367 2238 Aquilae
1378 2162 1531 2247 praeside,

312 2253 464 2314 etFundis
479 2260 507 2314 et
516 2256 550 2313 in
559 2255 665 2312 vicinis
679 2253 799 2328 oppidis
805 2256 952 2329 papisquc
962 2266 1046 2307 orma
1057 2254 1199 2326 imperari
1202 2250 1303 2330 jussit.
1317 2250 1372 2311 Per
1386 2253 1458 2312 liaeo
1470 2257 1533 2313 ten·

312 2353 433 2426 imnina,
448 2356 478 2410 et
492 2354 581 2412 caula
596 2348 734 2426 Prorcpis
749 2346 897 2426 Spinellus
912 2346 1082 2408 absterritus
1095 2346 1132 2405 ab
1146 2351 1261 2424 incepto
1271 2353 1302 2407 in
1315 2349 1459 2409 desertum
1469 2369 1532 2410 coe-

310 2438 426 2501 nobium
440 2446 532 2502 entra
546 2441 713 2502 blocdinom
721 2445 841 2517 portam
855 2442 942 2500 situm
957 2438 1034 2498 clam
1048 2438 1183 2498 erunibus·
1192 2456 1222 2498 se
1235 2444 1354 2518 recepit,
1369 2440 1422 2502 sed
1434 2460 1454 2502 a
1467 2443 1531 2502 Mo-

312 2531 375 2593 litio
388 2541 563 2615 cernuus,
574 2541 601 2597 et
612 2535 738 2597 leuitatis
747 2538 929 2611 increpatus,
940 2540 971 2594 in
979 2531 1124 2609 sucinoris
1134 2537 1362 2604 comsummatus,
1372 2539 1527 2596 retractus.

312 2627 376 2688 lam
390 2632 770 2710 Beneuentanum
784 2616 877 2708 supra
893 2631 1071 2705 dictumest,
1087 2627 1290 2706 Cbussipnetus
1303 2648 1368 2690 cum
1379 2635 1470 2692 cetero
1484 2650 1530 2691 co·

312 2723 414 2782 mitatu
419 2728 609 2801 pervenerat,
620 2723 717 2800 ibique
729 2739 794 2784 cum
809 2726 951 2801 Capuano
961 2738 1131 2800 conpressus
1145 2721 1251 2789 babili,
1264 2723 1391 2781 comitia
1403 2723 1524 2799 collato,

307 2813 396 2891 plura
410 2821 535 2896 insuper
558 2821 789 2896 repraesentata,
800 2822 929 2895 pecunia
943 2817 979 2876 ab
994 2817 1048 2876 boc
1062 2816 1177 2876 bomne
1189 2822 1221 2875 in
1234 2816 1347 2875 turboni
1363 2817 1530 2896 crepando-

311 2920 376 2966 rnm
389 2909 518 2988 obterstm
532 2912 706 2990 aceepta‚ab
716 2911 770 2972 illo
783 2915 928 2990 mopisad
937 2909 1166 2986 confirmandum
1179 2911 1323 2970 borm'nern
1336 2915 1444 2973 inscias
1452 2931 1527 2991 por·

311 2998 352 3058 tcs
364 2999 448 3059 duta.
467 3000 527 3063 Sed
538 3007 567 3061 is
577 3019 667 3080 neom
676 3001 751 3077 fidei
759 3019 880 3078 pnurus,
894 3019 986 3080 neque
994 2998 1139 3078 perfidiae
1147 3018 1205 3077 per
1218 3001 1357 3077 idipsum
1367 3003 1528 3078 tempusad

312 3087 465 3170 storeaem
479 3096 603 3175 allcpat,
615 3103 669 3175 qui
680 3102 775 3175 ipsum
789 3115 853 3158 eum
870 3115 903 3156 eo
916 3097 954 3157 de
966 3113 1078 3156 surnma
1090 3113 1187 3155 rerum
1200 3094 1410 3155 collocuturum
1431 3098 1523 3159 dicat.

314 3183 445 3247 Gratiam
460 3187 577 3250 I'rorec
592 3191 677 3269 officii
687 3191 786 3253 babuit
800 3194 928 3269 quidem,
945 3188 999 3249 scd
1011 3195 1131 3266 monuit,
1142 3187 1261 3267 quando
1273 3204 1332 3247 non
1345 3186 1446 3246 liceret
1454 3206 1527 3265 pro·

311 3288 421 3361 scripto
432 3288 542 3365 coretb,
555 3293 587 3348 ul
594 3306 652 3366 per
661 3293 873 3349 internuncium
884 3287 918 3346 id
927 3294 1021 3365 ipsum
1031 3286 1088 3347 sibi
1099 3286 1332 3345 communicaret.
1346 3281 1435 3342 Nibil
1447 3284 1526 3364 ejus·

310 3375 387 3434 modi
402 3379 570 3455 capuanus,
586 3381 620 3436 ut
632 3385 685 3456 qui
697 3397 757 3440 non
770 3377 869 3455 Ilepno
883 3382 979 3457 cuod,
994 3379 1046 3439 scd
1056 3376 1115 3437 sibi
1128 3381 1254 3451 cautum,
1268 3375 1294 3430 et
1309 3377 1342 3432 ut
1356 3371 1527 3449 locupletem

311 3486 379 3530 suae
389 3469 465 3547 fidei
477 3477 575 3533 testem
589 3479 727 3550 instruat,
739 3480 768 3536 si
781 3477 903 3535 adoersn
916 3476 1037 3550 rudiunt,
1048 3490 1112 3532 curn
1127 3470 1276 3534 Ludooico
1288 3466 1432 3531 Parisano
1441 3469 1525 3528 Mon·

311 3561 428 3639 infusci
435 3569 589 3646 praeside,
599 3570 766 3647 idemquod
779 3588 842 3630 cum
853 3568 978 3652 Psorepc
993 3572 1067 3645 cpit,
1077 3570 1209 3644 idemque
1218 3587 1395 3653 responsum.
1412 3575 1525 3637 Etnero

311 3654 453 3738 &torius
472 3663 607 3741 Capitoni
617 3666 709 3727 solers
722 3684 786 3726 eum
809 3683 919 3725 mneos
931 3666 1007 3726 bono
1022 3664 1085 3741 fide
1098 3682 1184 3742 apere
1198 3670 1348 3749 sentiebat,
1363 3676 1389 3732 el
1407 3670 1525 3731 Classi-

309 3759 405 3833 pneto,
420 3757 543 3819 subinde
557 3761 594 3820 ab
608 3778 653 3839 eo,
667 3761 829 3842 injiciebat,
844 3764 871 3822 et
892 3765 1035 3821 vanitatis
1049 3767 1165 3832 metum,
1181 3765 1234 3824 scd
1257 3770 1442 3843 aspernatus.
1459 3766 1523 3825 Ma-

309 3849 377 3913 titia
389 3858 520 3936 interim,
532 3863 640 3919 certior
653 3859 755 3937 suctus
769 3858 936 3940 conjuratos
950 3858 987 3916 ab
1003 3857 1092 3918 Roma
1099 3859 1167 3940 jam
1181 3861 1341 3923 Beneventi
1355 3863 1521 3939 consistere,

309 3947 567 4013 Bartholoruaenm
580 3952 763 4014 Grimoldum
775 3954 959 4031 obtunsione,
976 3953 1120 4014 Tiberium
1137 3955 1310 4033 Caratacum
1320 3954 1433 4014 oburbc
1443 3958 1524 4014 misit

308 4048 360 4122 pai
372 4043 412 4104 de
423 4063 520 4107 rerum
533 4052 611 4109 statu
622 4051 805 4111 advenientes
816 4051 960 4109 docerent.
979 4044 1136 4109 llbiomnia
1148 4055 1265 4128 ulri'que
1279 4053 1312 4107 in
1324 4048 1452 4107 medium
1466 4049 1521 4109 ud·

307 4141 395 4201 dueta
409 4145 438 4200 et
450 4143 658 4221 exploratum
671 4145 738 4226 conj
740 4150 869 4205 urotoric
884 4147 1028 4204 sententia
1040 4161 1104 4202 non
1120 4143 1178 4204 Vll
1189 4147 1258 4206 idus
1271 4142 1404 4216 octobris,
1413 4146 1524 4202 timori-

306 4228 369 4307 bus,
385 4234 461 4302 irae,
473 4235 553 4297 odiis
567 4235 821 4311 condiciturfinis,
837 4239 865 4294 et
879 4254 919 4294 en
933 4238 1083 4311 compacto
1100 4236 1227 4294 Cisterni
1239 4234 1280 4293 ad
1292 4232 1421 4292 Acelum
1431 4239 1462 4293 in
1475 4253 1522 4295 re·

304 4330 355 4400 nni
371 4325 447 4403 lines
466 4332 618 4406 sciptum,
632 4330 789 4407 Neapolim
808 4329 933 4389 Tiberius
958 4327 1034 4386 mali
1043 4325 1171 4403 foederis
1194 4328 1329 4388 columen
1346 4324 1465 4404 perfert
1479 4326 1523 4386 ad

304 4423 446 4501 rebqnos.
465 4425 537 4485 Tum
550 4431 678 4485 manime
688 4431 720 4485 in
733 4425 803 4486 urbe
814 4424 930 4501 fervere
944 4423 1105 4503 conjuratio
1115 4430 1217 4502 coepit,
1228 4428 1255 4485 et
1265 4424 1303 4483 ab
1313 4423 1478 4484 auctoribus
1488 4428 1521 4485 iu

306 4522 537 4600 quamplurimos
551 4522 600 4582 oet
612 4542 628 4583 c
641 4522 827 4586 multitudine
840 4521 978 4581 nomines.
994 4536 1116 4595 quornm
1131 4539 1183 4598 ope
1206 4538 1276 4581 mus
1289 4525 1363 4594 erut,
1377 4517 1518 4600 suffundi.

308 4611 366 4676 Seu
377 4619 440 4678 sciis
453 4619 560 4690 saeris,
575 4633 615 4674 cx
625 4615 764 4691 rellpione
777 4622 903 4690 incussu,
916 4612 1006 4687 fidon
1018 4617 1045 4672 et
1056 4618 1282 4674 taciturnitatem
1296 4612 1519 4674 conciliarentu-

306 4708 384 4769 dicio
396 4706 493 4784 sacto,
506 4708 653 4787 extemplo
667 4712 812 4770 ciuitatem
825 4715 856 4769 in
866 4705 963 4766 turbas
976 4709 1100 4783 irruere,
1112 4709 1310 4768 et.concilatac
1324 4704 1518 4767 niuttuuuins
