3942 5592
449 586 523 648 maii
535 585 683 662 facinoris
701 600 795 665 porro
805 579 941 644 tentandi
953 577 1017 657 tau
1037 592 1149 639 omnem
1165 576 1316 656 objecerit.
1335 580 1390 642 itas
1404 585 1501 645 tomen
1510 602 1588 664 prae
1601 604 1664 649 cae·

449 684 519 741 teris
541 677 720 756 Hieronymo
744 678 873 755 Capprio
887 669 1115 747 Horraucnsium
1136 668 1312 744 Heredium,
1325 676 1456 748 patricio
1473 680 1595 757 junoni,
1605 698 1664 757 per

448 770 628 851 aequabilem
648 770 732 833 aicae
745 769 895 847 sedunam
908 763 1037 840 sanwso,
1051 767 1079 823 ct
1093 780 1127 823 ea
1141 766 1233 825 causa
1250 767 1359 827 Romae
1373 770 1434 827 tum
1447 774 1587 848 temperis
1600 778 1666 853 aqi·

448 870 536 940 tanti,
552 882 570 922 a
588 864 713 941 Saaprio
726 864 830 939 aperta
840 863 891 920 est.
910 858 989 917 Hinc
1000 859 1179 917 insidiarum
1192 858 1294 934 capu:
1306 861 1383 919 Nam
1399 858 1519 939 Sanprii
1531 863 1665 924 consitiis

443 980 502 1039 per
515 962 723 1039 Hieronymum
737 954 866 1035 ioseptro
883 955 1011 1035 Capycio
1026 952 1120 1030 fratri
1139 959 1370 1036 communicatis,
1384 963 1439 1036 qui
1450 959 1583 1035 Neapoli
1593 977 1667 1036 pro·

448 1052 546 1130 sectas
566 1049 747 1110 militaturus
767 1051 800 1107 in
813 1047 961 1126 Bedaium,
985 1043 1027 1102 ad
1040 1043 1140 1104 urbem
1157 1041 1247 1120 sorte,
1264 1063 1304 1107 aa
1316 1053 1477 1110 accersitus
1490 1048 1663 1130 dicerterat,

407 1134 410 1139 “
448 1144 498 1204 tric
514 1143 556 1201 od
569 1142 651 1219 quod
663 1137 782 1216 sua'nus
795 1142 881 1199 uatus
895 1135 1139 1212 soneaidcbatur‚
1151 1139 1283 1195 animum
1294 1136 1396 1199 sedato
1406 1138 1596 1217 adjunxerat
1606 1144 1661 1203 Ju-

450 1240 534 1296 oeuis
544 1234 706 1311 abstrusus,
720 1247 752 1290 re
765 1233 920 1308 enpustus,
936 1230 1030 1287 animi
1041 1229 1153 1302 uastas,
1167 1229 1245 1287 tristi
1256 1229 1341 1288 onitu
1359 1235 1386 1289 ct
1401 1236 1558 1309 ccsanpui
1572 1238 1601 1294 ct
1615 1250 1664 1292 co

448 1328 644 1408 pitabscndum
664 1323 889 1404 praeseferente,
903 1340 994 1384 manu
1003 1325 1169 1400 promptus,
1190 1325 1295 1384 tardus
1318 1324 1512 1405 ἅψωμεν
1534 1330 1664 1406 inperio,

449 1430 542 1486 ienae
550 1428 712 1502 propositi,
727 1422 833 1484 audac
847 1422 953 1502 effecti,
974 1422 1077 1480 secreti
1083 1416 1187 1495 fidius,
1203 1419 1346 1497 Hispanis
1369 1421 1505 1499 infensus
1518 1423 1600 1499 quod
1614 1423 1665 1482 iso·

451 1517 540 1580 minis
550 1523 640 1580 occisi
650 1536 766 1597 caussa,
777 1521 842 1576 ocri
856 1521 884 1577 et
897 1517 986 1596 leupo
998 1515 1132 1577 custodio
1138 1517 1265 1589 punitus
1272 1536 1285 1585 ‚·
1297 1521 1663 1596 majestatiseontcmptor‚

454 1614 507 1686 qui
522 1613 681 1686 praesente
705 1609 854 1669 decessore
877 1606 1004 1682 Prorcpe
1027 1620 1091 1666 eam
1113 1606 1275 1666 admiserat
1289 1610 1426 1679 caedem,·
1453 1610 1609 1670 &mona
1622 1614 1666 1670 ita

452 1705 583 1779 studeres,
597 1707 704 1780 etjam
716 1703 787 1762 inde
802 1719 858 1778 quo
872 1703 1081 1776 custodiretur,
1096 1700 1415 1778 tinpuomedidicisret.
1431 1701 1463 1762 Is
1477 1706 1569 1781 r'pitar
1583 1703 1663 1765 Nea·

445 1794 543 1872 polim
556 1807 702 1867 reuersus,
716 1809 789 1868 quos
802 1792 879 1851 oties
893 1792 1006 1852 ittustri
1019 1790 1084 1850 ioco
1096 1795 1191 1858 natos,
1207 1796 1299 1851 certos
1311 1790 1448 1868 fidosque
1462 1792 1520 1852 sibi
1531 1798 1559 1854 et
1574 1811 1668 1853 nera·

449 1904 625 1950 cumrerum
637 1890 741 1952 auidos
753 1893 881 1967 norunt,
891 1894 930 1948 iis
940 1893 1042 1966 sponte
1052 1905 1107 1948 sua
1113 1892 1229 1965 possim
1237 1889 1390 1950 ruentibus
1398 1890 1531 1952 stimulos
1540 1888 1664 1969 iusuper

334 2011 339 2033 ‹
451 1981 581 2044 addidit.
592 1983 648 2043 His
655 1987 757 2060 postea
766 1988 949 2045 accesserant
964 1990 1022 2046 tres
1032 1987 1093 2042 oiri
1098 1986 1262 2067 principes,
1270 1987 1423 2059 praesumti
1431 1982 1559 2059 sentuno
1571 1984 1661 2062 beati,

451 2079 513 2136 uisi
526 2072 621 2132 atium
636 2074 807 2135 immodesto
825 2077 970 2151 poierstiae
984 2073 1089 2150 iibido,
1103 2072 1194 2133 atium
1205 2072 1300 2149 dator,
1311 2069 1479 2151 anjustus‘?
1492 2074 1586 2134 atium
1593 2093 1666 2152 pro·

453 2159 551 2236 sunda
564 2166 696 2223 auaritia
709 2163 837 2226 dedisset
848 2166 1051 2240 praecipitem,
1073 2178 1131 2239 per
1143 2180 1231 2240 quam
1249 2160 1372 2238 foedum
1380 2166 1498 2238 patriae
1517 2167 1667 2241 tranquil·

455 2249 552 2313 litatis
562 2256 715 2329 quaestum
727 2248 834 2326 secisse
847 2251 952 2329 satur.
966 2250 1024 2314 Sed
1033 2269 1107 2327 quos
1119 2255 1579 2331 Capyciusprimoeaqpreditar,
1590 2256 1668 2315 Bar-

453 2343 633 2404 ilrotomaeus
656 2344 732 2402 Cera
752 2344 921 2405 Griuraldus
945 2347 972 2402 ct
989 2344 1166 2404 tirouciscus
1181 2342 1344 2422 Spinettus,
1361 2342 1588 2403 Telesionorum
1601 2347 1668 2424 itte,

452 2435 502 2496 trie
520 2432 792 2495 Castcttacieasium
803 2437 882 2509 duc,
890 2439 1045 2511 praetcrea
1059 2433 1179 2493 Malitia
1188 2440 1216 2494 et
1233 2434 1366 2494 Tiberius
1378 2433 1550 2514 Caesareas,
1562 2439 1669 2516 quibus

452 2550 519 2593 cum
543 2529 676 2589 omm'tus
690 2534 821 2589 intimam
834 2535 912 2591 vitae
935 2533 1171 2592 consuetudinum
1185 2530 1315 2606 aaitaoot
1334 2530 1506 2594 Grimatdus
1519 2532 1669 2597 Jonacnsi

355 2656 358 2661 ·
454 2624 586 2704 familia,
599 2643 675 2702 qnare
686 2641 749 2684 cum
759 2628 898 2702 patriciis
911 2624 1111 2702 neapolitanis
1125 2625 1256 2701 opitobat
1269 2624 1612 2704 connubiofflropeuitas.
1628 2629 1670 2689 Iu

455 2714 565 2791 emptis
574 2710 707 2788 fortunis
720 2718 820 2792 nutus,
835 2713 917 2774 cuitu
930 2715 1053 2775 eductus
1066 2732 1127 2774 non
1138 2714 1290 2790 illiterati,
1304 2715 1473 2776 inconsulta
1483 2722 1611 2778 nomines
1632 2720 1671 2780 ti·

452 2810 551 2873 didiae
562 2809 733 2887 feretratum·
748 2810 879 2870 Bacenis
900 2810 1033 2874 Asieusis
1047 2829 1150 2889 nepos,
1166 2817 1320 2889 copnatoni
1331 2812 1430 2871 incliti
1442 2812 1517 2872 betto
1530 2819 1592 2874 oiri
1603 2815 1670 2894 pto-

452 2907 529 2962 riam
545 2903 697 2963 Gauranis
722 2904 840 2977 occepta
852 2899 1018 2977 rescrebat:
1033 2920 1053 2960 a
1076 2906 1198 2978 capuae
1213 2906 1346 2981 Copycio
1353 2908 1441 2981 prius
1463 2907 1497 2963 iu
1510 2922 1669 2967 aemmnas

453 2998 621 3072 conjectum
634 2992 752 3052 tandem
775 2996 859 3053 actas
880 2997 913 3051 in
922 2996 1142 3070 praecipitium.
1160 2991 1192 3051 Is
1202 2996 1278 3052 accim
1289 2994 1342 3053 sao
1356 2993 1535 3072 Bcuaoidio,
1550 2997 1668 3056 ordinis

455 3090 604 3151 obtinendi
616 3105 732 3165 caussa,
748 3091 781 3148 iu
795 3088 920 3166 theatro,
936 3088 1120 3166 despectante
1135 3087 1172 3150 de
1186 3094 1326 3165 scrppcstu
1340 3089 1476 3165 Prorcpc,
1491 3108 1558 3167 ope,
1572 3102 1670 3156 consi·

455 3183 498 3243 tio
512 3181 635 3258 dosepiri
649 3179 762 3257 Capicii
775 3180 947 3260 Pompejum
956 3182 1072 3241 Annam
1077 3180 1254 3258 praediuitis
1267 3179 1391 3241 tmuium
1402 3181 1501 3255 fitium
1510 3182 1671 3258 inicrsece·

453 3278 512 3334 rat.
531 3271 628 3345 Quare
651 3272 769 3333 uenam
787 3271 950 3351 proiupum
963 3271 1102 3334 Lacerdo
1124 3278 1202 3352 repis
1218 3273 1429 3349 Hispaniarum
1441 3271 1483 3330 ad
1505 3262 1671 3336 Itornanurn

453 3367 619 3442 Pontificem
628 3374 690 3428 ium
704 3372 842 3447 temporis
851 3368 992 3445 lepatus,
1004 3372 1038 3427 in
1048 3367 1138 3443 fidem
1151 3373 1249 3428 sancte
1258 3371 1384 3444 recepit;
1398 3385 1470 3427 men
1483 3373 1570 3446 repoi
1580 3388 1664 3432 crua-

456 3468 502 3526 tus
515 3463 645 3538 Proren,
657 3467 690 3521 ut
706 3460 797 3538 fidem
810 3461 973 3524 exsolueret
985 3462 1072 3525 iusto
1090 3461 1253 3538 Grimatdo,
1269 3465 1301 3520 ut
1309 3461 1452 3538 publicae
1472 3479 1504 3521 se
1517 3463 1670 3525 custodiae

457 3559 657 3633 cornmitteret,
679 3572 714 3615 ea
736 3556 847 3615 decade
860 3560 947 3614 extro
962 3557 1092 3615 ordinem
1106 3557 1316 3632 quaesitionem
1330 3557 1490 3613 corustituit.
1512 3554 1585 3614 Tum
1598 3553 1672 3616 Pro-

455 3657 532 3728 repis
541 3667 672 3728 persono
684 3654 795 3725 cama,
810 3653 900 3708 occisi
906 3654 1037 3730 patrona,
1055 3655 1087 3710 ut
1097 3664 1162 3710 cam
1176 3647 1327 3710 Grimaido
1340 3653 1367 3706 et
1380 3644 1509 3724 Capycio
1518 3652 1667 3726 iujuriam

458 3744 629 3816 remitteret,
642 3740 828 3800 subtentauit.
844 3739 882 3798 At
905 3754 970 3798 cum
982 3741 1068 3800 domo
1082 3739 1209 3818 difficilis
1218 3741 1408 3814 perneparct,
1428 3737 1601 3816 Capycium,
1615 3745 1671 3817 qui

458 3838 552 3893 sacris
566 3835 711 3908 initiatus,
720 3834 916 3906 quaestionem
925 3829 1106 3909 declinabat,
1122 3833 1163 3892 od
1176 3845 1245 3890 suas
1261 3832 1372 3888 remisit
1381 3829 1522 3904 judices:
1541 3829 1671 3892 Grimat·

456 3924 537 4001 duur,
551 3939 642 3999 quom
655 3922 787 3984 insulam
800 3922 955 3981 deneardus
970 3926 1110 3999 optasset,
1122 3928 1156 3982 iu
1168 3935 1234 3983 eam
1247 3922 1449 3997 quinquennio
1467 3918 1621 3997 retepovit.
1639 3923 1671 3983 Is

457 4022 598 4077 concessit
613 4017 783 4094 lacrimem,
797 4034 883 4094 aepre
894 4013 1007 4094 serem,
1018 4023 1087 4094 post
1107 4017 1226 4095 ionpum
1240 4014 1277 4074 ab
1292 4019 1355 4075 suis
1368 4030 1497 4073 errorcm
1510 4018 1537 4073 ct
1551 4015 1671 4077 mutar·

455 4128 526 4172 uam
547 4113 720 4191 custodiam,
738 4130 795 4191 pro
810 4117 965 4173 temeraria
988 4131 1041 4173 nec
1064 4120 1221 4192 quicquam
1241 4111 1404 4172 mtidmato
1426 4113 1532 4180 caedo,
1548 4113 1672 4189 relepati

453 4222 567 4283 poenas
581 4206 689 4268 subire.
711 4207 781 4266 Tum
794 4223 863 4266 uere
870 4221 998 4281 prorsus
1012 4210 1162 4266 immemor
1176 4223 1196 4263 o
1212 4203 1337 4281 Prorcpe
1357 4201 1514 4281 benefacti,
1529 4205 1582 4264 udi
1594 4212 1670 4266 enter

459 4299 539 4359 taeta
551 4303 620 4359 aori
641 4306 717 4380 repis
731 4305 879 4378 auspicia,
894 4305 1022 4379 nonest,
1045 4305 1091 4360 uti
1102 4299 1248 4377 sperabat,
1262 4303 1416 4357 reuocatus
1429 4298 1472 4355 od
1484 4316 1563 4375 scios,
1577 4303 1611 4358 in
1623 4304 1671 4359 in·

459 4389 525 4452 sala
539 4406 640 4468 copem,
656 4395 688 4449 in
702 4397 799 4469 rcpios
814 4395 1004 4454 administros
1015 4391 1088 4452 odia
1101 4391 1275 4466 meditatur,
1290 4390 1481 4465 quodpostea
1495 4407 1527 4448 re
1542 4405 1672 4469 comper·

457 4491 531 4543 ium.
548 4485 666 4546 Etenim
677 4486 851 4564 ruapm'ficas
866 4487 994 4564 Neapoli
1007 4490 1096 4549 aedes
1108 4489 1212 4546 eatrui
1220 4488 1366 4562 jusserat,
1381 4487 1414 4542 in
1436 4482 1544 4560 quidus
1554 4489 1672 4561 passim

455 4598 511 4658 per
536 4580 571 4639 id
584 4584 697 4659 ternpus
711 4583 894 4660 emblemata,
908 4602 984 4662 quae
997 4589 1093 4644 viram
1108 4595 1312 4645 aerumnarum
1325 4583 1475 4655 inuictum,
1490 4584 1518 4638 et
1531 4583 1595 4640 iras
1613 4597 1674 4639 me-

458 4675 601 4733 ditantem
623 4673 833 4750 parificarent,
849 4672 973 4752 depiupi
986 4678 1152 4749 curaverat,
1176 4672 1228 4731 sed
1241 4669 1278 4729 aa
1291 4687 1336 4747 co,
1361 4673 1408 4728 uti
1430 4673 1457 4728 et
1477 4667 1514 4728 ob
1532 4667 1671 4749 Capuae,
