<?xml version="1.0" encoding="UTF-8"?>
<!DOCTYPE html PUBLIC "-//W3C//DTD XHTML 1.0 Transitional//EN"
    "http://www.w3.org/TR/xhtml1/DTD/xhtml1-transitional.dtd">
<html xmlns="http://www.w3.org/1999/xhtml" xml:lang="en" lang="en">
 <head>
  <title>
</title>
<meta http-equiv="Content-Type" content="text/html;charset=utf-8" />
  <meta name='ocr-system' content='tesseract 3.04.00' />
  <meta name='ocr-capabilities' content='ocr_page ocr_carea ocr_par ocr_line ocrx_word'/>
</head>
<body>
  <div class='ocr_page' id='page_1' title='image "./operedigiambatt01ferrgoog_0494.png"; bbox 0 0 3942 5592; ppageno 0'>
   <div class='ocr_carea' id='block_1_1' title="bbox 1441 492 1485 552">
    <p class='ocr_par' dir='ltr' id='par_1_1' title="bbox 1441 492 1485 552">
     <span class='ocr_line' id='line_1_1' title="bbox 1441 492 1485 552; baseline 0 -3"><span class='ocrx_word' id='word_1_1' title='bbox 1441 492 1485 552; x_wconf 80' lang='grc'><strong>89.</strong></span> 
     </span>
    </p>
   </div>
   <div class='ocr_carea' id='block_1_2' title="bbox 315 594 1519 921">
    <p class='ocr_par' dir='ltr' id='par_1_2' title="bbox 362 594 1209 678">
     <span class='ocr_line' id='line_1_2' title="bbox 362 594 1209 678; baseline -0.001 -18"><span class='ocrx_word' id='word_1_2' title='bbox 362 599 395 660; x_wconf 83' lang='lat' dir='ltr'><strong>Si</strong></span> <span class='ocrx_word' id='word_1_3' title='bbox 408 601 564 663; x_wconf 85' lang='lat' dir='ltr'><strong>adiectiuis</strong></span> <span class='ocrx_word' id='word_1_4' title='bbox 576 599 753 675; x_wconf 83' lang='lat' dir='ltr'><strong>succedant,</strong></span> <span class='ocrx_word' id='word_1_5' title='bbox 767 603 800 660; x_wconf 86' lang='lat' dir='ltr'><strong>nt</strong></span> <span class='ocrx_word' id='word_1_6' title='bbox 815 594 1086 678; x_wconf 83' lang='lat' dir='ltr'><strong>eloquentissimus</strong></span> <span class='ocrx_word' id='word_1_7' title='bbox 1099 598 1209 662; x_wconf 77' lang='lat' dir='ltr'><strong>Cicero,</strong></span> 
     </span>
    </p>

    <p class='ocr_par' dir='ltr' id='par_1_3' title="bbox 315 679 1519 839">
     <span class='ocr_line' id='line_1_3' title="bbox 362 679 1519 762; baseline -0.002 -17"><span class='ocrx_word' id='word_1_8' title='bbox 362 684 393 745; x_wconf 73' lang='lat' dir='ltr'><strong>Se</strong></span> <span class='ocrx_word' id='word_1_9' title='bbox 417 679 619 742; x_wconf 85' lang='lat' dir='ltr'><strong>antecedentia</strong></span> <span class='ocrx_word' id='word_1_10' title='bbox 629 680 763 743; x_wconf 83' lang='lat' dir='ltr'><strong>relatiuis</strong></span> <span class='ocrx_word' id='word_1_11' title='bbox 773 683 1042 758; x_wconf 74' lang='lat' dir='ltr'><strong>postpoaaatarert</strong></span> <span class='ocrx_word' id='word_1_12' title='bbox 1055 696 1132 760; x_wconf 87' lang='lat' dir='ltr'><strong>quoe</strong></span> <span class='ocrx_word' id='word_1_13' title='bbox 1143 679 1277 744; x_wconf 87' lang='lat' dir='ltr'><strong>hostium</strong></span> <span class='ocrx_word' id='word_1_14' title='bbox 1297 680 1400 762; x_wconf 89' lang='lat' dir='ltr'><strong>copiae</strong></span> <span class='ocrx_word' id='word_1_15' title='bbox 1409 696 1519 761; x_wconf 80' lang='lat' dir='ltr'><strong>agrum</strong></span> 
     </span>
     <span class='ocr_line' id='line_1_4' title="bbox 315 759 1322 839; baseline -0.01 -16"><span class='ocrx_word' id='word_1_16' title='bbox 315 760 513 839; x_wconf 79' lang='lat' dir='ltr'><strong>infestabant,</strong></span> <span class='ocrx_word' id='word_1_17' title='bbox 526 759 703 823; x_wconf 87' lang='lat' dir='ltr'><strong>trucidatae.</strong></span> <span class='ocrx_word' id='word_1_18' title='bbox 1320 806 1322 813; x_wconf 92' lang='lat'>.</span> 
     </span>
    </p>

    <p class='ocr_par' dir='ltr' id='par_1_4' title="bbox 357 839 1517 921">
     <span class='ocr_line' id='line_1_5' title="bbox 357 839 1517 921; baseline 0.001 -17"><span class='ocrx_word' id='word_1_19' title='bbox 357 844 392 904; x_wconf 81' lang='lat' dir='ltr'><strong>Si</strong></span> <span class='ocrx_word' id='word_1_20' title='bbox 403 841 491 902; x_wconf 89' lang='lat' dir='ltr'><strong>uerba</strong></span> <span class='ocrx_word' id='word_1_21' title='bbox 504 845 593 917; x_wconf 88' lang='lat' dir='ltr'><strong>quasi</strong></span> <span class='ocrx_word' id='word_1_22' title='bbox 605 841 702 901; x_wconf 84' lang='lat' dir='ltr'><strong>claues</strong></span> <span class='ocrx_word' id='word_1_23' title='bbox 716 846 879 901; x_wconf 83' lang='lat' dir='ltr'><strong>orationem</strong></span> <span class='ocrx_word' id='word_1_24' title='bbox 890 839 1047 912; x_wconf 80' lang='lat' dir='ltr'><strong>claudant,</strong></span> <span class='ocrx_word' id='word_1_25' title='bbox 1058 846 1086 901; x_wconf 86' lang='lat' dir='ltr'><strong>et</strong></span> <span class='ocrx_word' id='word_1_26' title='bbox 1095 847 1234 904; x_wconf 81' lang='lat' dir='ltr'><strong>reserari.-</strong></span> <span class='ocrx_word' id='word_1_27' title='bbox 1246 860 1314 904; x_wconf 84' lang='lat' dir='ltr'><strong>uara</strong></span> <span class='ocrx_word' id='word_1_28' title='bbox 1322 861 1356 903; x_wconf 88' lang='lat' dir='ltr'><strong>eo</strong></span> <span class='ocrx_word' id='word_1_29' title='bbox 1361 846 1517 921; x_wconf 69' lang='lat' dir='ltr'><strong>portaue-</strong></span> 
     </span>
    </p>
   </div>
   <div class='ocr_carea' id='block_1_3' title="bbox 307 920 1517 2770">
    <p class='ocr_par' dir='ltr' id='par_1_5' title="bbox 314 920 1516 1161">
     <span class='ocr_line' id='line_1_6' title="bbox 315 920 1515 1000; baseline 0.003 -19"><span class='ocrx_word' id='word_1_30' title='bbox 315 921 372 981; x_wconf 87' lang='lat' dir='ltr'><strong>lutt</strong></span> <span class='ocrx_word' id='word_1_31' title='bbox 385 921 433 982; x_wconf 82' lang='lat' dir='ltr'><strong>bis</strong></span> <span class='ocrx_word' id='word_1_32' title='bbox 447 924 550 982; x_wconf 84' lang='lat' dir='ltr'><strong>eadem</strong></span> <span class='ocrx_word' id='word_1_33' title='bbox 564 927 661 982; x_wconf 88' lang='lat' dir='ltr'><strong>oratio</strong></span> <span class='ocrx_word' id='word_1_34' title='bbox 673 920 827 998; x_wconf 77' lang='lat' dir='ltr'><strong>funditur,</strong></span> <span class='ocrx_word' id='word_1_35' title='bbox 837 928 936 999; x_wconf 87' lang='lat' dir='ltr'><strong>primo</strong></span> <span class='ocrx_word' id='word_1_36' title='bbox 949 939 1104 999; x_wconf 72' lang='lat' dir='ltr'><strong>surpasse,</strong></span> <span class='ocrx_word' id='word_1_37' title='bbox 1116 923 1221 984; x_wconf 77' lang='lat' dir='ltr'><strong>danda</strong></span> <span class='ocrx_word' id='word_1_38' title='bbox 1231 928 1265 984; x_wconf 88' lang='lat' dir='ltr'><strong>in</strong></span> <span class='ocrx_word' id='word_1_39' title='bbox 1283 941 1343 985; x_wconf 85' lang='lat' dir='ltr'><strong>uno</strong></span> <span class='ocrx_word' id='word_1_40' title='bbox 1355 924 1451 1000; x_wconf 77' lang='lat' dir='ltr'><strong>uerbo,</strong></span> <span class='ocrx_word' id='word_1_41' title='bbox 1467 941 1515 984; x_wconf 87' lang='lat' dir='ltr'><strong>uc·</strong></span> 
     </span>
     <span class='ocr_line' id='line_1_7' title="bbox 314 999 1515 1081; baseline 0.006 -21"><span class='ocrx_word' id='word_1_42' title='bbox 314 1001 373 1060; x_wconf 83' lang='lat' dir='ltr'><strong>tuti</strong></span> <span class='ocrx_word' id='word_1_43' title='bbox 385 1005 478 1063; x_wconf 88' lang='lat' dir='ltr'><strong>manis</strong></span> <span class='ocrx_word' id='word_1_44' title='bbox 489 1007 656 1079; x_wconf 80' lang='lat' dir='ltr'><strong>contracta,</strong></span> <span class='ocrx_word' id='word_1_45' title='bbox 670 1007 697 1061; x_wconf 88' lang='lat' dir='ltr'><strong>ct</strong></span> <span class='ocrx_word' id='word_1_46' title='bbox 708 1006 823 1078; x_wconf 74' lang='lat' dir='ltr'><strong>aperta·</strong></span> <span class='ocrx_word' id='word_1_47' title='bbox 836 1007 869 1062; x_wconf 90' lang='lat' dir='ltr'><strong>ut</strong></span> <span class='ocrx_word' id='word_1_48' title='bbox 883 999 1019 1063; x_wconf 88' lang='lat' dir='ltr'><strong>hominis</strong></span> <span class='ocrx_word' id='word_1_49' title='bbox 1032 1000 1291 1081; x_wconf 80' lang='lat' dir='ltr'><strong>importunissimi</strong></span> <span class='ocrx_word' id='word_1_50' title='bbox 1304 1001 1515 1080; x_wconf 76' lang='lat' dir='ltr'><strong>contumeliae,</strong></span> 
     </span>
     <span class='ocr_line' id='line_1_8' title="bbox 316 1079 1516 1161; baseline 0.003 -19"><span class='ocrx_word' id='word_1_51' title='bbox 316 1079 430 1161; x_wconf 87' lang='lat' dir='ltr'><strong>quibus</strong></span> <span class='ocrx_word' id='word_1_52' title='bbox 443 1095 493 1145; x_wconf 91' lang='lat' dir='ltr'><strong>me</strong></span> <span class='ocrx_word' id='word_1_53' title='bbox 506 1081 622 1144; x_wconf 83' lang='lat' dir='ltr'><strong>crebris</strong></span> <span class='ocrx_word' id='word_1_54' title='bbox 631 1079 832 1144; x_wconf 85' lang='lat' dir='ltr'><strong>concionibus</strong></span> <span class='ocrx_word' id='word_1_55' title='bbox 845 1085 962 1156; x_wconf 69' lang='lat' dir='ltr'><strong>onerat,</strong></span> <span class='ocrx_word' id='word_1_56' title='bbox 976 1082 1039 1145; x_wconf 86' lang='lat' dir='ltr'><strong>tuis</strong></span> <span class='ocrx_word' id='word_1_57' title='bbox 1049 1099 1123 1159; x_wconf 83' lang='lat' dir='ltr'><strong>erga</strong></span> <span class='ocrx_word' id='word_1_58' title='bbox 1136 1099 1187 1146; x_wconf 92' lang='lat' dir='ltr'><strong>me</strong></span> <span class='ocrx_word' id='word_1_59' title='bbox 1201 1084 1308 1148; x_wconf 87' lang='lat' dir='ltr'><strong>officiis</strong></span> <span class='ocrx_word' id='word_1_60' title='bbox 1322 1083 1494 1148; x_wconf 90' lang='lat' dir='ltr'><strong>leniuntur.</strong></span> <span class='ocrx_word' id='word_1_61' title='bbox 1514 1156 1516 1158; x_wconf 7' lang='lat' dir='ltr'>v</span> 
     </span>
    </p>

    <p class='ocr_par' dir='ltr' id='par_1_6' title="bbox 314 1160 1517 1465">
     <span class='ocr_line' id='line_1_9' title="bbox 364 1160 1516 1243; baseline 0.003 -23"><span class='ocrx_word' id='word_1_62' title='bbox 364 1160 401 1220; x_wconf 85' lang='lat' dir='ltr'><strong>Si</strong></span> <span class='ocrx_word' id='word_1_63' title='bbox 414 1178 470 1238; x_wconf 85' lang='lat' dir='ltr'><strong>quc</strong></span> <span class='ocrx_word' id='word_1_64' title='bbox 482 1164 574 1223; x_wconf 88' lang='lat' dir='ltr'><strong>ductu</strong></span> <span class='ocrx_word' id='word_1_65' title='bbox 587 1166 684 1222; x_wconf 85' lang='lat' dir='ltr'><strong>oratio</strong></span> <span class='ocrx_word' id='word_1_66' title='bbox 698 1167 837 1222; x_wconf 87' lang='lat' dir='ltr'><strong>instituta</strong></span> <span class='ocrx_word' id='word_1_67' title='bbox 850 1166 906 1238; x_wconf 80' lang='lat' dir='ltr'><strong>est,</strong></span> <span class='ocrx_word' id='word_1_68' title='bbox 920 1177 952 1220; x_wconf 90' lang='lat' dir='ltr'><strong>ca</strong></span> <span class='ocrx_word' id='word_1_69' title='bbox 959 1167 1079 1241; x_wconf 81' lang='lat' dir='ltr'><strong>perpet.-</strong></span> <span class='ocrx_word' id='word_1_70' title='bbox 1093 1166 1125 1221; x_wconf 88' lang='lat' dir='ltr'><strong>ut</strong></span> <span class='ocrx_word' id='word_1_71' title='bbox 1140 1161 1260 1243; x_wconf 81' lang='lat' dir='ltr'><strong>Titius,</strong></span> <span class='ocrx_word' id='word_1_72' title='bbox 1283 1165 1327 1227; x_wconf 89' lang='lat' dir='ltr'><strong>tui</strong></span> <span class='ocrx_word' id='word_1_73' title='bbox 1343 1162 1516 1227; x_wconf 81' lang='lat' dir='ltr'><strong>amantissi-</strong></span> 
     </span>
     <span class='ocr_line' id='line_1_10' title="bbox 318 1238 1517 1325; baseline 0.003 -23"><span class='ocrx_word' id='word_1_74' title='bbox 318 1257 400 1318; x_wconf 87' lang='lat' dir='ltr'><strong>mus,</strong></span> <span class='ocrx_word' id='word_1_75' title='bbox 414 1241 553 1322; x_wconf 87' lang='lat' dir='ltr'><strong>mihique</strong></span> <span class='ocrx_word' id='word_1_76' title='bbox 567 1258 734 1323; x_wconf 71' lang='lat' dir='ltr'><strong>percarus,</strong></span> <span class='ocrx_word' id='word_1_77' title='bbox 753 1240 866 1304; x_wconf 74' lang='lat' dir='ltr'><strong>litteras</strong></span> <span class='ocrx_word' id='word_1_78' title='bbox 880 1238 918 1303; x_wconf 87' lang='lat' dir='ltr'><strong>ad</strong></span> <span class='ocrx_word' id='word_1_79' title='bbox 934 1240 1060 1305; x_wconf 85' lang='lat' dir='ltr'><strong>tratrem</strong></span> <span class='ocrx_word' id='word_1_80' title='bbox 1076 1241 1160 1305; x_wconf 86' lang='lat' dir='ltr'><strong>misit</strong></span> <span class='ocrx_word' id='word_1_81' title='bbox 1175 1288 1184 1319; x_wconf 77' lang='grc'><em>,</em></span> <span class='ocrx_word' id='word_1_82' title='bbox 1199 1244 1361 1325; x_wconf 80' lang='lat' dir='ltr'><strong>elepantior</strong></span> <span class='ocrx_word' id='word_1_83' title='bbox 1375 1261 1446 1306; x_wconf 86' lang='lat' dir='ltr'><strong>sone</strong></span> <span class='ocrx_word' id='word_1_84' title='bbox 1458 1258 1517 1306; x_wconf 86' lang='lat' dir='ltr'><strong>scr-</strong></span> 
     </span>
     <span class='ocr_line' id='line_1_11' title="bbox 320 1319 1516 1463; baseline 0.006 -83"><span class='ocrx_word' id='word_1_85' title='bbox 320 1338 379 1399; x_wconf 83' lang='lat' dir='ltr'><strong>mo‚</strong></span> <span class='ocrx_word' id='word_1_86' title='bbox 390 1329 523 1463; x_wconf 49' lang='lat' dir='ltr'><strong>qualrlmbst</strong></span> <span class='ocrx_word' id='word_1_87' title='bbox 532 1325 670 1386; x_wconf 83' lang='lat' dir='ltr'><strong>diceres:</strong></span> <span class='ocrx_word' id='word_1_88' title='bbox 685 1320 798 1398; x_wconf 79' lang='lat' dir='ltr'><strong>Titias,</strong></span> <span class='ocrx_word' id='word_1_89' title='bbox 813 1337 831 1383; x_wconf 89' lang='lat' dir='ltr'><strong>a</strong></span> <span class='ocrx_word' id='word_1_90' title='bbox 845 1337 907 1402; x_wconf 87' lang='lat' dir='ltr'><strong>quo</strong></span> <span class='ocrx_word' id='word_1_91' title='bbox 922 1319 1207 1401; x_wconf 88' lang='lat' dir='ltr'><strong>immenseamaris,</strong></span> <span class='ocrx_word' id='word_1_92' title='bbox 1221 1334 1252 1387; x_wconf 92' lang='lat' dir='ltr'><strong>et</strong></span> <span class='ocrx_word' id='word_1_93' title='bbox 1266 1342 1360 1406; x_wconf 91' lang='lat' dir='ltr'><strong>quem</strong></span> <span class='ocrx_word' id='word_1_94' title='bbox 1378 1340 1434 1404; x_wconf 83' lang='lat' dir='ltr'><strong>ego</strong></span> <span class='ocrx_word' id='word_1_95' title='bbox 1450 1342 1516 1406; x_wconf 89' lang='lat' dir='ltr'><strong>per·</strong></span> 
     </span>
     <span class='ocr_line' id='line_1_12' title="bbox 314 1417 547 1465; baseline -0.009 0"><span class='ocrx_word' id='word_1_96' title='bbox 314 1417 421 1465; x_wconf 87' lang='lat' dir='ltr'><strong>carum</strong></span> <span class='ocrx_word' id='word_1_97' title='bbox 458 1419 476 1463; x_wconf 90' lang='lat' dir='ltr'><strong>a</strong></span> <span class='ocrx_word' id='word_1_98' title='bbox 500 1418 547 1464; x_wconf 89' lang='lat' dir='ltr'><strong>eo.</strong></span> 
     </span>
    </p>

    <p class='ocr_par' dir='ltr' id='par_1_7' title="bbox 315 1479 1517 1863">
     <span class='ocr_line' id='line_1_13' title="bbox 359 1479 1517 1565; baseline 0.003 -20"><span class='ocrx_word' id='word_1_99' title='bbox 359 1485 393 1545; x_wconf 78' lang='lat' dir='ltr'><strong>si</strong></span> <span class='ocrx_word' id='word_1_100' title='bbox 401 1483 563 1559; x_wconf 75' lang='lat' dir='ltr'><strong>particulis</strong></span> <span class='ocrx_word' id='word_1_101' title='bbox 577 1479 701 1545; x_wconf 78' lang='lat' dir='ltr'><strong>subinde</strong></span> <span class='ocrx_word' id='word_1_102' title='bbox 725 1484 880 1544; x_wconf 85' lang='lat' dir='ltr'><strong>condiatur</strong></span> <span class='ocrx_word' id='word_1_103' title='bbox 893 1487 1008 1552; x_wconf 80' lang='lat' dir='ltr'><strong>oratio,</strong></span> <span class='ocrx_word' id='word_1_104' title='bbox 1030 1503 1106 1562; x_wconf 89' lang='lat' dir='ltr'><strong>quae</strong></span> <span class='ocrx_word' id='word_1_105' title='bbox 1125 1494 1306 1549; x_wconf 87' lang='lat' dir='ltr'><strong>necessariae</strong></span> <span class='ocrx_word' id='word_1_106' title='bbox 1326 1486 1446 1565; x_wconf 83' lang='lat' dir='ltr'><strong>quidem</strong></span> <span class='ocrx_word' id='word_1_107' title='bbox 1458 1504 1517 1550; x_wconf 81' lang='lat' dir='ltr'><strong>nori</strong></span> 
     </span>
     <span class='ocr_line' id='line_1_14' title="bbox 315 1561 1514 1644; baseline 0.003 -20"><span class='ocrx_word' id='word_1_108' title='bbox 315 1567 404 1640; x_wconf 77' lang='lat' dir='ltr'><strong>amr,</strong></span> <span class='ocrx_word' id='word_1_109' title='bbox 420 1561 548 1642; x_wconf 80' lang='lat' dir='ltr'><strong>afferant</strong></span> <span class='ocrx_word' id='word_1_110' title='bbox 562 1569 660 1624; x_wconf 90' lang='lat' dir='ltr'><strong>tamen</strong></span> <span class='ocrx_word' id='word_1_111' title='bbox 673 1562 869 1639; x_wconf 68' lang='lat' dir='ltr'><strong>uoluptatem·</strong></span> <span class='ocrx_word' id='word_1_112' title='bbox 880 1569 907 1626; x_wconf 89' lang='lat' dir='ltr'><strong>ct</strong></span> <span class='ocrx_word' id='word_1_113' title='bbox 917 1569 1182 1642; x_wconf 77' lang='lat' dir='ltr'><strong>praecipitassent</strong></span> <span class='ocrx_word' id='word_1_114' title='bbox 1195 1573 1414 1630; x_wconf 85' lang='lat' dir='ltr'><strong>asseverantes:</strong></span> <span class='ocrx_word' id='word_1_115' title='bbox 1430 1585 1514 1644; x_wconf 82' lang='lat' dir='ltr'><strong>uere,</strong></span> 
     </span>
     <span class='ocr_line' id='line_1_15' title="bbox 316 1642 1512 1727; baseline 0.005 -24"><span class='ocrx_word' id='word_1_116' title='bbox 316 1647 404 1723; x_wconf 83' lang='lat' dir='ltr'><strong>cerie,</strong></span> <span class='ocrx_word' id='word_1_117' title='bbox 418 1642 548 1721; x_wconf 74' lang='lat' dir='ltr'><strong>quidem,</strong></span> <span class='ocrx_word' id='word_1_118' title='bbox 562 1661 647 1717; x_wconf 69' lang='lat' dir='ltr'><strong>sana·</strong></span> <span class='ocrx_word' id='word_1_119' title='bbox 662 1645 861 1704; x_wconf 84' lang='lat' dir='ltr'><strong>iurisiurandi</strong></span> <span class='ocrx_word' id='word_1_120' title='bbox 872 1642 1034 1724; x_wconf 71' lang='lat' dir='ltr'><strong>samaim,</strong></span> <span class='ocrx_word' id='word_1_121' title='bbox 1047 1645 1219 1724; x_wconf 75' lang='lat' dir='ltr'><strong>patercule,</strong></span> <span class='ocrx_word' id='word_1_122' title='bbox 1232 1647 1367 1727; x_wconf 83' lang='lat' dir='ltr'><strong>aedepol.</strong></span> <span class='ocrx_word' id='word_1_123' title='bbox 1383 1649 1512 1709; x_wconf 77' lang='lat' dir='ltr'><strong>rieures-</strong></span> 
     </span>
     <span class='ocr_line' id='line_1_16' title="bbox 315 1722 1508 1863; baseline 0.006 -81"><span class='ocrx_word' id='word_1_124' title='bbox 315 1722 408 1863; x_wconf 43' lang='grc' dir='ltr'><strong>ἔξω</strong></span> <span class='ocrx_word' id='word_1_125' title='bbox 422 1744 435 1794; x_wconf 85' lang='grc'><strong>,·</strong></span> <span class='ocrx_word' id='word_1_126' title='bbox 450 1727 478 1783; x_wconf 87' lang='lat' dir='ltr'><strong>et</strong></span> <span class='ocrx_word' id='word_1_127' title='bbox 486 1724 668 1802; x_wconf 80' lang='lat' dir='ltr'><strong>particulae,</strong></span> <span class='ocrx_word' id='word_1_128' title='bbox 683 1740 760 1802; x_wconf 87' lang='lat' dir='ltr'><strong>quac</strong></span> <span class='ocrx_word' id='word_1_129' title='bbox 774 1722 932 1785; x_wconf 78' lang='lat' dir='ltr'><strong>durmacut</strong></span> <span class='ocrx_word' id='word_1_130' title='bbox 946 1723 1054 1785; x_wconf 83' lang='lat' dir='ltr'><strong>babent</strong></span> <span class='ocrx_word' id='word_1_131' title='bbox 1067 1730 1253 1790; x_wconf 80' lang='lat' dir='ltr'><strong>transitionis</strong></span> <span class='ocrx_word' id='word_1_132' title='bbox 1267 1728 1415 1807; x_wconf 80' lang='lat' dir='ltr'><strong>leporem:</strong></span> <span class='ocrx_word' id='word_1_133' title='bbox 1429 1746 1508 1806; x_wconf 86' lang='lat' dir='ltr'><strong>cero,</strong></span> 
     </span>
    </p>

    <p class='ocr_par' dir='ltr' id='par_1_8' title="bbox 307 1884 1515 2770">
     <span class='ocr_line' id='line_1_17' title="bbox 363 1884 1515 1965; baseline 0.004 -20"><span class='ocrx_word' id='word_1_134' title='bbox 363 1885 461 1946; x_wconf 80' lang='lat' dir='ltr'><strong>Tertia</strong></span> <span class='ocrx_word' id='word_1_135' title='bbox 470 1884 655 1959; x_wconf 78' lang='lat' dir='ltr'><strong>eloquentiae</strong></span> <span class='ocrx_word' id='word_1_136' title='bbox 670 1885 781 1945; x_wconf 83' lang='lat' dir='ltr'><strong>latinae</strong></span> <span class='ocrx_word' id='word_1_137' title='bbox 788 1902 863 1963; x_wconf 89' lang='lat' dir='ltr'><strong>pars</strong></span> <span class='ocrx_word' id='word_1_138' title='bbox 873 1889 934 1945; x_wconf 88' lang='lat' dir='ltr'><strong>erat</strong></span> <span class='ocrx_word' id='word_1_139' title='bbox 943 1890 1156 1961; x_wconf 86' lang='lat' dir='ltr'><strong>pronunciatio</strong></span> <span class='ocrx_word' id='word_1_140' title='bbox 1160 1904 1219 1963; x_wconf 86' lang='lat' dir='ltr'><strong>pre</strong></span> <span class='ocrx_word' id='word_1_141' title='bbox 1233 1905 1515 1965; x_wconf 85' lang='lat' dir='ltr'><strong>remano.asu‚quae</strong></span> 
     </span>
     <span class='ocr_line' id='line_1_18' title="bbox 312 1964 1515 2047; baseline 0.001 -23"><span class='ocrx_word' id='word_1_142' title='bbox 312 1970 437 2041; x_wconf 77' lang='lat' dir='ltr'><strong>proprie</strong></span> <span class='ocrx_word' id='word_1_143' title='bbox 451 1965 604 2026; x_wconf 70' lang='lat' dir='ltr'><strong>arionitas</strong></span> <span class='ocrx_word' id='word_1_144' title='bbox 617 1965 799 2042; x_wconf 84' lang='lat' dir='ltr'><strong>appellatur:</strong></span> <span class='ocrx_word' id='word_1_145' title='bbox 815 1964 867 2025; x_wconf 89' lang='lat' dir='ltr'><strong>scd</strong></span> <span class='ocrx_word' id='word_1_146' title='bbox 881 1968 1038 2043; x_wconf 85' lang='lat' dir='ltr'><strong>desperata</strong></span> <span class='ocrx_word' id='word_1_147' title='bbox 1051 1965 1218 2044; x_wconf 84' lang='lat' dir='ltr'><strong>sedulitas,</strong></span> <span class='ocrx_word' id='word_1_148' title='bbox 1232 1976 1260 2032; x_wconf 87' lang='lat' dir='ltr'><strong>si</strong></span> <span class='ocrx_word' id='word_1_149' title='bbox 1273 1977 1339 2047; x_wconf 83' lang='lat' dir='ltr'><strong>quis</strong></span> <span class='ocrx_word' id='word_1_150' title='bbox 1351 1974 1515 2046; x_wconf 83' lang='lat' dir='ltr'><strong>qcnuiuam</strong></span> 
     </span>
     <span class='ocr_line' id='line_1_19' title="bbox 315 2042 1515 2126; baseline 0.001 -20"><span class='ocrx_word' id='word_1_151' title='bbox 315 2042 393 2106; x_wconf 85' lang='lat' dir='ltr'><strong>banc</strong></span> <span class='ocrx_word' id='word_1_152' title='bbox 403 2046 598 2105; x_wconf 82' lang='lat' dir='ltr'><strong>urbanitatem</strong></span> <span class='ocrx_word' id='word_1_153' title='bbox 610 2061 730 2105; x_wconf 90' lang='lat' dir='ltr'><strong>romane</strong></span> <span class='ocrx_word' id='word_1_154' title='bbox 741 2044 880 2124; x_wconf 84' lang='lat' dir='ltr'><strong>loquendi</strong></span> <span class='ocrx_word' id='word_1_155' title='bbox 888 2050 1083 2108; x_wconf 86' lang='lat' dir='ltr'><strong>intermortua</strong></span> <span class='ocrx_word' id='word_1_156' title='bbox 1092 2046 1197 2122; x_wconf 70' lang='lat' dir='ltr'><strong>inqua</strong></span> <span class='ocrx_word' id='word_1_157' title='bbox 1207 2055 1326 2126; x_wconf 79' lang='lat' dir='ltr'><strong>assequi</strong></span> <span class='ocrx_word' id='word_1_158' title='bbox 1335 2050 1413 2111; x_wconf 85' lang='lat' dir='ltr'><strong>vetit.</strong></span> <span class='ocrx_word' id='word_1_159' title='bbox 1427 2048 1515 2109; x_wconf 75' lang='lat' dir='ltr'><strong>nitu</strong></span> 
     </span>
     <span class='ocr_line' id='line_1_20' title="bbox 315 2127 1512 2207; baseline 0.005 -22"><span class='ocrx_word' id='word_1_160' title='bbox 315 2130 394 2185; x_wconf 85' lang='lat' dir='ltr'><strong>enim</strong></span> <span class='ocrx_word' id='word_1_161' title='bbox 408 2131 450 2186; x_wconf 91' lang='lat' dir='ltr'><strong>est</strong></span> <span class='ocrx_word' id='word_1_162' title='bbox 463 2129 596 2185; x_wconf 85' lang='lat' dir='ltr'><strong>nostrata</strong></span> <span class='ocrx_word' id='word_1_163' title='bbox 604 2131 852 2202; x_wconf 82' lang='lat' dir='ltr'><strong>pronunciatione</strong></span> <span class='ocrx_word' id='word_1_164' title='bbox 868 2129 1037 2203; x_wconf 85' lang='lat' dir='ltr'><strong>corruptius</strong></span> <span class='ocrx_word' id='word_1_165' title='bbox 1045 2148 1058 2198; x_wconf 89' lang='lat'><strong>‚·</strong></span> <span class='ocrx_word' id='word_1_166' title='bbox 1073 2127 1162 2186; x_wconf 79' lang='lat' dir='ltr'><strong>latim</strong></span> <span class='ocrx_word' id='word_1_167' title='bbox 1176 2144 1319 2207; x_wconf 77' lang='lat' dir='ltr'><strong>aeraque,</strong></span> <span class='ocrx_word' id='word_1_168' title='bbox 1334 2130 1386 2191; x_wconf 89' lang='lat' dir='ltr'><strong>ubi</strong></span> <span class='ocrx_word' id='word_1_169' title='bbox 1397 2127 1512 2191; x_wconf 73' lang='lat' dir='ltr'><strong>coemes</strong></span> 
     </span>
     <span class='ocr_line' id='line_1_21' title="bbox 311 2205 1514 2287; baseline 0.003 -23"><span class='ocrx_word' id='word_1_170' title='bbox 311 2205 475 2283; x_wconf 86' lang='lat' dir='ltr'><strong>productas</strong></span> <span class='ocrx_word' id='word_1_171' title='bbox 485 2205 723 2280; x_wconf 77' lang='lat' dir='ltr'><strong>pronunciabant</strong></span> <span class='ocrx_word' id='word_1_172' title='bbox 736 2246 744 2277; x_wconf 78' lang='grc'><em>,</em></span> <span class='ocrx_word' id='word_1_173' title='bbox 759 2210 871 2266; x_wconf 87' lang='lat' dir='ltr'><strong>tantum</strong></span> <span class='ocrx_word' id='word_1_174' title='bbox 885 2210 1024 2283; x_wconf 84' lang='lat' dir='ltr'><strong>tenrporis</strong></span> <span class='ocrx_word' id='word_1_175' title='bbox 1039 2207 1245 2276; x_wconf 82' lang='lat' dir='ltr'><strong>assumebant,</strong></span> <span class='ocrx_word' id='word_1_176' title='bbox 1262 2215 1404 2287; x_wconf 87' lang='lat' dir='ltr'><strong>quantum</strong></span> <span class='ocrx_word' id='word_1_177' title='bbox 1417 2215 1446 2270; x_wconf 86' lang='lat' dir='ltr'><strong>si</strong></span> <span class='ocrx_word' id='word_1_178' title='bbox 1457 2211 1514 2270; x_wconf 75' lang='lat' dir='ltr'><strong>du</strong></span> 
     </span>
     <span class='ocr_line' id='line_1_22' title="bbox 307 2283 1515 2364; baseline 0.003 -18"><span class='ocrx_word' id='word_1_179' title='bbox 307 2285 468 2363; x_wconf 85' lang='lat' dir='ltr'><strong>plicarmt.</strong></span> <span class='ocrx_word' id='word_1_180' title='bbox 482 2283 586 2361; x_wconf 86' lang='lat' dir='ltr'><strong>ltaque</strong></span> <span class='ocrx_word' id='word_1_181' title='bbox 600 2285 672 2345; x_wconf 86' lang='lat' dir='ltr'><strong>olim</strong></span> <span class='ocrx_word' id='word_1_182' title='bbox 683 2289 772 2344; x_wconf 87' lang='lat' dir='ltr'><strong>etiam</strong></span> <span class='ocrx_word' id='word_1_183' title='bbox 785 2290 818 2346; x_wconf 84' lang='lat' dir='ltr'><strong>in</strong></span> <span class='ocrx_word' id='word_1_184' title='bbox 830 2285 984 2346; x_wconf 87' lang='lat' dir='ltr'><strong>scribendo</strong></span> <span class='ocrx_word' id='word_1_185' title='bbox 996 2286 1139 2347; x_wconf 87' lang='lat' dir='ltr'><strong>iterabant</strong></span> <span class='ocrx_word' id='word_1_186' title='bbox 1141 2309 1154 2358; x_wconf 86' lang='lat'><strong>,·</strong></span> <span class='ocrx_word' id='word_1_187' title='bbox 1169 2306 1244 2364; x_wconf 86' lang='lat' dir='ltr'><strong>quac</strong></span> <span class='ocrx_word' id='word_1_188' title='bbox 1259 2289 1437 2351; x_wconf 84' lang='lat' dir='ltr'><strong>consuetudo</strong></span> <span class='ocrx_word' id='word_1_189' title='bbox 1452 2289 1515 2350; x_wconf 78' lang='lat' dir='ltr'><strong>En·</strong></span> 
     </span>
     <span class='ocr_line' id='line_1_23' title="bbox 316 2364 1515 2443; baseline 0.004 -18"><span class='ocrx_word' id='word_1_190' title='bbox 316 2370 501 2441; x_wconf 86' lang='lat' dir='ltr'><strong>nir&#39;tcmpore</strong></span> <span class='ocrx_word' id='word_1_191' title='bbox 514 2364 658 2434; x_wconf 74' lang='lat' dir='ltr'><strong>exolevit,</strong></span> <span class='ocrx_word' id='word_1_192' title='bbox 674 2369 701 2423; x_wconf 88' lang='lat' dir='ltr'><strong>et</strong></span> <span class='ocrx_word' id='word_1_193' title='bbox 716 2369 782 2424; x_wconf 87' lang='lat' dir='ltr'><strong>cius</strong></span> <span class='ocrx_word' id='word_1_194' title='bbox 795 2367 900 2425; x_wconf 82' lang='lat' dir='ltr'><strong>relicta</strong></span> <span class='ocrx_word' id='word_1_195' title='bbox 912 2371 1040 2441; x_wconf 85' lang='lat' dir='ltr'><strong>cestiqia</strong></span> <span class='ocrx_word' id='word_1_196' title='bbox 1052 2371 1086 2426; x_wconf 84' lang='lat' dir='ltr'><strong>r&#39;n</strong></span> <span class='ocrx_word' id='word_1_197' title='bbox 1105 2371 1306 2436; x_wconf 78' lang='lat' dir='ltr'><strong>interiectione</strong></span> <span class='ocrx_word' id='word_1_198' title='bbox 1319 2368 1400 2431; x_wconf 91' lang='lat' dir='ltr'><strong>eheu</strong></span> <span class='ocrx_word' id='word_1_199' title='bbox 1416 2412 1425 2443; x_wconf 88' lang='lat'><em>,</em></span> <span class='ocrx_word' id='word_1_200' title='bbox 1439 2375 1466 2428; x_wconf 89' lang='lat' dir='ltr'><strong>et</strong></span> <span class='ocrx_word' id='word_1_201' title='bbox 1482 2373 1515 2430; x_wconf 84' lang='lat' dir='ltr'><strong>in</strong></span> 
     </span>
     <span class='ocr_line' id='line_1_24' title="bbox 316 2443 1512 2526; baseline 0.003 -19"><span class='ocrx_word' id='word_1_202' title='bbox 316 2443 484 2526; x_wconf 73' lang='lat' dir='ltr'><strong>prehendo,</strong></span> <span class='ocrx_word' id='word_1_203' title='bbox 497 2449 619 2523; x_wconf 85' lang='lat' dir='ltr'><strong>eiusque</strong></span> <span class='ocrx_word' id='word_1_204' title='bbox 633 2450 808 2522; x_wconf 78' lang='lat' dir='ltr'><strong>carrmositis.</strong></span> <span class='ocrx_word' id='word_1_205' title='bbox 823 2447 933 2507; x_wconf 87' lang='lat' dir='ltr'><strong>Mansit</strong></span> <span class='ocrx_word' id='word_1_206' title='bbox 944 2450 1119 2522; x_wconf 87' lang='lat' dir='ltr'><strong>tamcnpost</strong></span> <span class='ocrx_word' id='word_1_207' title='bbox 1133 2449 1512 2526; x_wconf 76' lang='lat' dir='ltr'><strong>Emnumillapranuncia·</strong></span> 
     </span>
     <span class='ocr_line' id='line_1_25' title="bbox 316 2525 1512 2607; baseline 0.005 -21"><span class='ocrx_word' id='word_1_208' title='bbox 316 2530 417 2602; x_wconf 83' lang='lat' dir='ltr'><strong>tionis,</strong></span> <span class='ocrx_word' id='word_1_209' title='bbox 430 2540 518 2602; x_wconf 88' lang='lat' dir='ltr'><strong>quam</strong></span> <span class='ocrx_word' id='word_1_210' title='bbox 530 2527 677 2605; x_wconf 74' lang='lat' dir='ltr'><strong>dicineus,</strong></span> <span class='ocrx_word' id='word_1_211' title='bbox 691 2530 780 2600; x_wconf 75' lang='lat' dir='ltr'><strong>rectio,</strong></span> <span class='ocrx_word' id='word_1_212' title='bbox 794 2526 872 2586; x_wconf 87' lang='lat' dir='ltr'><strong>unde</strong></span> <span class='ocrx_word' id='word_1_213' title='bbox 884 2525 965 2585; x_wconf 89' lang='lat' dir='ltr'><strong>illud</strong></span> <span class='ocrx_word' id='word_1_214' title='bbox 972 2527 1190 2603; x_wconf 85' lang='lat' dir='ltr'><strong>pronuntiabat</strong></span> <span class='ocrx_word' id='word_1_215' title='bbox 1201 2546 1328 2590; x_wconf 87' lang='lat' dir='ltr'><strong>amarem</strong></span> <span class='ocrx_word' id='word_1_216' title='bbox 1338 2531 1512 2607; x_wconf 79' lang='lat' dir='ltr'><strong>dupliciae,</strong></span> 
     </span>
     <span class='ocr_line' id='line_1_26' title="bbox 316 2604 1513 2687; baseline 0.003 -21"><span class='ocrx_word' id='word_1_217' title='bbox 316 2607 408 2682; x_wconf 84' lang='lat' dir='ltr'><strong>idque</strong></span> <span class='ocrx_word' id='word_1_218' title='bbox 420 2610 455 2666; x_wconf 89' lang='lat' dir='ltr'><strong>in</strong></span> <span class='ocrx_word' id='word_1_219' title='bbox 467 2604 599 2665; x_wconf 80' lang='lat' dir='ltr'><strong>amatim</strong></span> <span class='ocrx_word' id='word_1_220' title='bbox 609 2606 732 2686; x_wconf 75' lang='lat' dir='ltr'><strong>syllabis</strong></span> <span class='ocrx_word' id='word_1_221' title='bbox 745 2606 910 2668; x_wconf 86' lang='lat' dir='ltr'><strong>attendebat</strong></span> <span class='ocrx_word' id='word_1_222' title='bbox 918 2628 931 2676; x_wconf 83' lang='lat'><strong>,·</strong></span> <span class='ocrx_word' id='word_1_223' title='bbox 947 2605 1028 2665; x_wconf 88' lang='lat' dir='ltr'><strong>unde</strong></span> <span class='ocrx_word' id='word_1_224' title='bbox 1043 2607 1203 2670; x_wconf 75' lang='lat' dir='ltr'><strong>histriones</strong></span> <span class='ocrx_word' id='word_1_225' title='bbox 1216 2651 1225 2686; x_wconf 74' lang='grc'><em>,</em></span> <span class='ocrx_word' id='word_1_226' title='bbox 1240 2615 1294 2687; x_wconf 85' lang='lat' dir='ltr'><strong>qui</strong></span> <span class='ocrx_word' id='word_1_227' title='bbox 1307 2610 1513 2687; x_wconf 81' lang='lat' dir='ltr'><strong>utplurimum</strong></span> 
     </span>
     <span class='ocr_line' id='line_1_27' title="bbox 316 2683 1512 2770; baseline 0.002 -24"><span class='ocrx_word' id='word_1_228' title='bbox 316 2689 397 2746; x_wconf 88' lang='lat' dir='ltr'><strong>serui</strong></span> <span class='ocrx_word' id='word_1_229' title='bbox 410 2683 507 2763; x_wconf 79' lang='lat' dir='ltr'><strong>erant,</strong></span> <span class='ocrx_word' id='word_1_230' title='bbox 522 2703 541 2744; x_wconf 93' lang='lat' dir='ltr'><strong>a</strong></span> <span class='ocrx_word' id='word_1_231' title='bbox 555 2689 659 2762; x_wconf 67' lang='lat' dir='ltr'><strong>mauis</strong></span> <span class='ocrx_word' id='word_1_232' title='bbox 672 2688 708 2748; x_wconf 90' lang='lat' dir='ltr'><strong>de</strong></span> <span class='ocrx_word' id='word_1_233' title='bbox 722 2687 812 2766; x_wconf 84' lang='lat' dir='ltr'><strong>ualqo</strong></span> <span class='ocrx_word' id='word_1_234' title='bbox 824 2684 1041 2761; x_wconf 69' lang='lat' dir='ltr'><strong>ambiebatur,</strong></span> <span class='ocrx_word' id='word_1_235' title='bbox 1056 2692 1111 2764; x_wconf 88' lang='lat' dir='ltr'><strong>qui</strong></span> <span class='ocrx_word' id='word_1_236' title='bbox 1128 2692 1205 2749; x_wconf 87' lang='lat' dir='ltr'><strong>iuter</strong></span> <span class='ocrx_word' id='word_1_237' title='bbox 1219 2692 1363 2770; x_wconf 73' lang='lat' dir='ltr'><strong>aquodam</strong></span> <span class='ocrx_word' id='word_1_238' title='bbox 1375 2689 1512 2766; x_wconf 67' lang='lat' dir='ltr'><strong>iamlam</strong></span> 
     </span>
    </p>
   </div>
   <div class='ocr_carea' id='block_1_4' title="bbox 789 2890 1012 2907">
    <p class='ocr_par' dir='ltr' id='par_1_9' title="bbox 789 2890 1012 2907">
     <span class='ocr_line' id='line_1_28' title="bbox 789 2890 1012 2907; baseline 0 -3"><span class='ocrx_word' id='word_1_239' title='bbox 789 2890 1012 2907; x_wconf 48' lang='grc' dir='ltr'>Ἦ</span> 
     </span>
    </p>
   </div>
   <div class='ocr_carea' id='block_1_5' title="bbox 311 3026 1516 4844">
    <p class='ocr_par' dir='ltr' id='par_1_10' title="bbox 354 3026 1491 3096">
     <span class='ocr_line' id='line_1_29' title="bbox 354 3026 1491 3096; baseline 0.002 -12"><span class='ocrx_word' id='word_1_240' title='bbox 354 3030 388 3084; x_wconf 90' lang='lat' dir='ltr'><strong>Se</strong></span> <span class='ocrx_word' id='word_1_241' title='bbox 401 3028 424 3082; x_wconf 89' lang='lat' dir='ltr'><strong>n’</strong></span> <span class='ocrx_word' id='word_1_242' title='bbox 435 3027 507 3085; x_wconf 89' lang='lat' dir='ltr'><strong>narni</strong></span> <span class='ocrx_word' id='word_1_243' title='bbox 520 3026 641 3084; x_wconf 83' lang='lat' dir='ltr'><strong>ndicttiri</strong></span> <span class='ocrx_word' id='word_1_244' title='bbox 656 3026 810 3082; x_wconf 85' lang='lat' dir='ltr'><strong>succedono</strong></span> <span class='ocrx_word' id='word_1_245' title='bbox 826 3028 832 3081; x_wconf 91' lang='lat' dir='ltr'><strong>i</strong></span> <span class='ocrx_word' id='word_1_246' title='bbox 845 3029 996 3096; x_wconf 81' lang='lat' dir='ltr'><strong>srrstantivi,</strong></span> <span class='ocrx_word' id='word_1_247' title='bbox 1005 3041 1100 3083; x_wconf 86' lang='lat' dir='ltr'><strong>come:</strong></span> <span class='ocrx_word' id='word_1_248' title='bbox 1115 3026 1301 3085; x_wconf 86' lang='lat' dir='ltr'><strong>doctissimus</strong></span> <span class='ocrx_word' id='word_1_249' title='bbox 1316 3031 1426 3086; x_wconf 87' lang='lat' dir='ltr'><strong>Cicero.</strong></span> <span class='ocrx_word' id='word_1_250' title='bbox 1489 3028 1491 3033; x_wconf 80' lang='grc'><strong>’</strong></span> 
     </span>
    </p>

    <p class='ocr_par' dir='ltr' id='par_1_11' title="bbox 315 3097 1514 3252">
     <span class='ocr_line' id='line_1_30' title="bbox 355 3097 1514 3177; baseline -0.001 -18"><span class='ocrx_word' id='word_1_251' title='bbox 355 3107 390 3159; x_wconf 81' lang='lat' dir='ltr'><strong>sc</strong></span> <span class='ocrx_word' id='word_1_252' title='bbox 403 3103 441 3176; x_wconf 86' lang='lat' dir='ltr'><strong>gli</strong></span> <span class='ocrx_word' id='word_1_253' title='bbox 454 3104 624 3160; x_wconf 84' lang='lat' dir='ltr'><strong>antecedenti</strong></span> <span class='ocrx_word' id='word_1_254' title='bbox 637 3104 659 3158; x_wconf 88' lang='lat' dir='ltr'><strong>si</strong></span> <span class='ocrx_word' id='word_1_255' title='bbox 673 3118 846 3176; x_wconf 81' lang='lat' dir='ltr'><strong>pospongcao</strong></span> <span class='ocrx_word' id='word_1_256' title='bbox 861 3104 884 3157; x_wconf 93' lang='lat' dir='ltr'><strong>ui</strong></span> <span class='ocrx_word' id='word_1_257' title='bbox 898 3103 1011 3172; x_wconf 87' lang='lat' dir='ltr'><strong>relativi,</strong></span> <span class='ocrx_word' id='word_1_258' title='bbox 1025 3117 1113 3158; x_wconf 89' lang='lat' dir='ltr'><strong>come:</strong></span> <span class='ocrx_word' id='word_1_259' title='bbox 1129 3119 1205 3174; x_wconf 84' lang='lat' dir='ltr'><strong>qrrae</strong></span> <span class='ocrx_word' id='word_1_260' title='bbox 1217 3105 1347 3160; x_wconf 83' lang='lat' dir='ltr'><strong>leosttrcm</strong></span> <span class='ocrx_word' id='word_1_261' title='bbox 1365 3097 1467 3177; x_wconf 76' lang='lat' dir='ltr'><strong>copiae</strong></span> <span class='ocrx_word' id='word_1_262' title='bbox 1480 3117 1514 3158; x_wconf 88' lang='lat' dir='ltr'><strong>a·</strong></span> 
     </span>
     <span class='ocr_line' id='line_1_31' title="bbox 315 3176 795 3252; baseline -0.004 -17"><span class='ocrx_word' id='word_1_263' title='bbox 315 3193 401 3252; x_wconf 80' lang='lat' dir='ltr'><strong>prum</strong></span> <span class='ocrx_word' id='word_1_264' title='bbox 413 3177 604 3251; x_wconf 82' lang='lat' dir='ltr'><strong>infestabant,</strong></span> <span class='ocrx_word' id='word_1_265' title='bbox 616 3176 795 3235; x_wconf 82' lang='lat' dir='ltr'><strong>trucidatae.</strong></span> 
     </span>
    </p>

    <p class='ocr_par' dir='ltr' id='par_1_12' title="bbox 315 3252 1516 3616">
     <span class='ocr_line' id='line_1_32' title="bbox 354 3252 1516 3327; baseline -0.003 -16"><span class='ocrx_word' id='word_1_266' title='bbox 354 3255 407 3311; x_wconf 82' lang='lat' dir='ltr'><strong>Sci</strong></span> <span class='ocrx_word' id='word_1_267' title='bbox 423 3256 497 3311; x_wconf 87' lang='lat' dir='ltr'><strong>verbi</strong></span> <span class='ocrx_word' id='word_1_268' title='bbox 510 3271 526 3310; x_wconf 89' lang='lat' dir='ltr'><strong>a</strong></span> <span class='ocrx_word' id='word_1_269' title='bbox 538 3254 616 3327; x_wconf 78' lang='lat' dir='ltr'><strong>guise</strong></span> <span class='ocrx_word' id='word_1_270' title='bbox 628 3255 653 3311; x_wconf 80' lang='lat' dir='ltr'><strong>eli</strong></span> <span class='ocrx_word' id='word_1_271' title='bbox 668 3254 753 3310; x_wconf 89' lang='lat' dir='ltr'><strong>chiari</strong></span> <span class='ocrx_word' id='word_1_272' title='bbox 767 3254 784 3309; x_wconf 82' lang='lat'><strong>1⁷</strong></span> <span class='ocrx_word' id='word_1_273' title='bbox 790 3254 914 3311; x_wconf 87' lang='lat' dir='ltr'><strong>orazione</strong></span> <span class='ocrx_word' id='word_1_274' title='bbox 928 3255 1066 3312; x_wconf 89' lang='lat' dir='ltr'><strong>chiudano</strong></span> <span class='ocrx_word' id='word_1_275' title='bbox 1080 3254 1113 3310; x_wconf 88' lang='lat' dir='ltr'><strong>ed</strong></span> <span class='ocrx_word' id='word_1_276' title='bbox 1123 3268 1234 3325; x_wconf 90' lang='lat' dir='ltr'><strong>aprarro.</strong></span> <span class='ocrx_word' id='word_1_277' title='bbox 1251 3253 1351 3312; x_wconf 79' lang='lat' dir='ltr'><strong>Poiclrb</strong></span> <span class='ocrx_word' id='word_1_278' title='bbox 1369 3256 1394 3310; x_wconf 87' lang='lat' dir='ltr'><strong>iu</strong></span> <span class='ocrx_word' id='word_1_279' title='bbox 1408 3252 1443 3311; x_wconf 86' lang='lat' dir='ltr'><strong>tal</strong></span> <span class='ocrx_word' id='word_1_280' title='bbox 1457 3269 1516 3308; x_wconf 88' lang='lat' dir='ltr'><strong>nro·</strong></span> 
     </span>
     <span class='ocr_line' id='line_1_33' title="bbox 317 3329 1514 3405; baseline -0.002 -19"><span class='ocrx_word' id='word_1_281' title='bbox 317 3330 353 3386; x_wconf 88' lang='lat' dir='ltr'><strong>do</strong></span> <span class='ocrx_word' id='word_1_282' title='bbox 363 3329 379 3386; x_wconf 86' lang='lat' dir='ltr'><strong>l’</strong></span> <span class='ocrx_word' id='word_1_283' title='bbox 391 3333 515 3386; x_wconf 75' lang='lat' dir='ltr'><strong>oratioue</strong></span> <span class='ocrx_word' id='word_1_284' title='bbox 526 3332 548 3385; x_wconf 90' lang='lat' dir='ltr'><strong>si</strong></span> <span class='ocrx_word' id='word_1_285' title='bbox 561 3331 711 3402; x_wconf 88' lang='lat' dir='ltr'><strong>pronuncia</strong></span> <span class='ocrx_word' id='word_1_286' title='bbox 723 3331 775 3387; x_wconf 88' lang='lat' dir='ltr'><strong>due</strong></span> <span class='ocrx_word' id='word_1_287' title='bbox 790 3330 874 3401; x_wconf 83' lang='lat' dir='ltr'><strong>volte,</strong></span> <span class='ocrx_word' id='word_1_288' title='bbox 885 3345 934 3402; x_wconf 85' lang='lat' dir='ltr'><strong>per</strong></span> <span class='ocrx_word' id='word_1_289' title='bbox 948 3332 1005 3386; x_wconf 89' lang='lat' dir='ltr'><strong>cosi</strong></span> <span class='ocrx_word' id='word_1_290' title='bbox 1015 3330 1081 3388; x_wconf 84' lang='lat' dir='ltr'><strong>dire:</strong></span> <span class='ocrx_word' id='word_1_291' title='bbox 1095 3332 1181 3401; x_wconf 90' lang='lat' dir='ltr'><strong>prima</strong></span> <span class='ocrx_word' id='word_1_292' title='bbox 1194 3330 1419 3405; x_wconf 65' lang='lat' dir='ltr'><strong>sospesmdappoi</strong></span> <span class='ocrx_word' id='word_1_293' title='bbox 1430 3336 1514 3387; x_wconf 88' lang='lat' dir='ltr'><strong>tuttta</strong></span> 
     </span>
     <span class='ocr_line' id='line_1_34' title="bbox 315 3407 1515 3482; baseline 0 -21"><span class='ocrx_word' id='word_1_294' title='bbox 315 3407 342 3461; x_wconf 93' lang='lat' dir='ltr'><strong>in</strong></span> <span class='ocrx_word' id='word_1_295' title='bbox 355 3423 394 3462; x_wconf 87' lang='lat' dir='ltr'><strong>un</strong></span> <span class='ocrx_word' id='word_1_296' title='bbox 404 3407 444 3461; x_wconf 90' lang='lat' dir='ltr'><strong>sol</strong></span> <span class='ocrx_word' id='word_1_297' title='bbox 455 3407 537 3462; x_wconf 81' lang='lat' dir='ltr'><strong>vomo</strong></span> <span class='ocrx_word' id='word_1_298' title='bbox 552 3407 671 3464; x_wconf 89' lang='lat' dir='ltr'><strong>ristrotta</strong></span> <span class='ocrx_word' id='word_1_299' title='bbox 683 3422 699 3461; x_wconf 92' lang='lat' dir='ltr'><strong>e</strong></span> <span class='ocrx_word' id='word_1_300' title='bbox 709 3407 821 3462; x_wconf 88' lang='lat' dir='ltr'><strong>insieme</strong></span> <span class='ocrx_word' id='word_1_301' title='bbox 835 3415 939 3478; x_wconf 75' lang='lat' dir='ltr'><strong>aperta3</strong></span> <span class='ocrx_word' id='word_1_302' title='bbox 952 3423 1031 3464; x_wconf 88' lang='lat' dir='ltr'><strong>come</strong></span> <span class='ocrx_word' id='word_1_303' title='bbox 1044 3409 1172 3465; x_wconf 80' lang='lat' dir='ltr'><strong>bominis</strong></span> <span class='ocrx_word' id='word_1_304' title='bbox 1184 3408 1434 3482; x_wconf 79' lang='lat' dir='ltr'><strong>importunissimi</strong></span> <span class='ocrx_word' id='word_1_305' title='bbox 1446 3421 1515 3462; x_wconf 89' lang='lat' dir='ltr'><strong>con·</strong></span> 
     </span>
     <span class='ocr_line' id='line_1_35' title="bbox 315 3480 1514 3559; baseline -0.002 -21"><span class='ocrx_word' id='word_1_306' title='bbox 315 3480 465 3555; x_wconf 82' lang='lat' dir='ltr'><strong>tumeliam,</strong></span> <span class='ocrx_word' id='word_1_307' title='bbox 479 3481 583 3555; x_wconf 77' lang='lat' dir='ltr'><strong>picibus</strong></span> <span class='ocrx_word' id='word_1_308' title='bbox 595 3499 640 3538; x_wconf 88' lang='lat' dir='ltr'><strong>me</strong></span> <span class='ocrx_word' id='word_1_309' title='bbox 653 3483 762 3539; x_wconf 86' lang='lat' dir='ltr'><strong>crebris</strong></span> <span class='ocrx_word' id='word_1_310' title='bbox 775 3483 962 3539; x_wconf 74' lang='lat' dir='ltr'><strong>commonibus</strong></span> <span class='ocrx_word' id='word_1_311' title='bbox 975 3490 1088 3556; x_wconf 86' lang='lat' dir='ltr'><strong>onerat,</strong></span> <span class='ocrx_word' id='word_1_312' title='bbox 1108 3485 1169 3540; x_wconf 79' lang='lat' dir='ltr'><strong>treis</strong></span> <span class='ocrx_word' id='word_1_313' title='bbox 1188 3499 1260 3559; x_wconf 78' lang='lat' dir='ltr'><strong>erpa</strong></span> <span class='ocrx_word' id='word_1_314' title='bbox 1279 3499 1325 3539; x_wconf 85' lang='lat' dir='ltr'><strong>mc</strong></span> <span class='ocrx_word' id='word_1_315' title='bbox 1346 3480 1453 3555; x_wconf 60' lang='lat' dir='ltr'><strong>miletis</strong></span> <span class='ocrx_word' id='word_1_316' title='bbox 1473 3480 1514 3536; x_wconf 91' lang='lat' dir='ltr'><strong>lc·</strong></span> 
     </span>
     <span class='ocr_line' id='line_1_36' title="bbox 315 3560 447 3616; baseline -0.008 -3"><span class='ocrx_word' id='word_1_317' title='bbox 315 3560 447 3616; x_wconf 81' lang='lat' dir='ltr'><strong>aluntur.</strong></span> 
     </span>
    </p>

    <p class='ocr_par' dir='ltr' id='par_1_13' title="bbox 314 3632 1513 3859">
     <span class='ocr_line' id='line_1_37' title="bbox 354 3632 1513 3706; baseline -0.002 -17"><span class='ocrx_word' id='word_1_318' title='bbox 354 3634 389 3690; x_wconf 87' lang='lat' dir='ltr'><strong>Se</strong></span> <span class='ocrx_word' id='word_1_319' title='bbox 400 3637 417 3692; x_wconf 81' lang='lat' dir='ltr'><strong>l’</strong></span> <span class='ocrx_word' id='word_1_320' title='bbox 428 3635 550 3690; x_wconf 77' lang='lat' dir='ltr'><strong>oracione</strong></span> <span class='ocrx_word' id='word_1_321' title='bbox 563 3649 614 3689; x_wconf 90' lang='lat' dir='ltr'><strong>corr</strong></span> <span class='ocrx_word' id='word_1_322' title='bbox 623 3632 684 3703; x_wconf 89' lang='lat' dir='ltr'><strong>quel</strong></span> <span class='ocrx_word' id='word_1_323' title='bbox 696 3633 741 3689; x_wconf 85' lang='lat' dir='ltr'><strong>filo</strong></span> <span class='ocrx_word' id='word_1_324' title='bbox 754 3634 775 3688; x_wconf 83' lang='lat' dir='ltr'><strong>si</strong></span> <span class='ocrx_word' id='word_1_325' title='bbox 788 3634 919 3703; x_wconf 79' lang='lat' dir='ltr'><strong>continui,</strong></span> <span class='ocrx_word' id='word_1_326' title='bbox 931 3649 984 3689; x_wconf 91' lang='lat' dir='ltr'><strong>con</strong></span> <span class='ocrx_word' id='word_1_327' title='bbox 996 3637 1042 3691; x_wconf 93' lang='lat' dir='ltr'><strong>cui</strong></span> <span class='ocrx_word' id='word_1_328' title='bbox 1057 3634 1086 3692; x_wconf 86' lang='lat' dir='ltr'><strong>lu</strong></span> <span class='ocrx_word' id='word_1_329' title='bbox 1099 3632 1270 3706; x_wconf 87' lang='lat' dir='ltr'><strong>principiata.</strong></span> <span class='ocrx_word' id='word_1_330' title='bbox 1285 3633 1347 3689; x_wconf 84' lang='lat' dir='ltr'><strong>Cosl</strong></span> <span class='ocrx_word' id='word_1_331' title='bbox 1362 3635 1457 3690; x_wconf 82' lang='lat' dir='ltr'><strong>littus</strong></span> <span class='ocrx_word' id='word_1_332' title='bbox 1468 3635 1513 3689; x_wconf 87' lang='lat' dir='ltr'><strong>tui</strong></span> 
     </span>
     <span class='ocr_line' id='line_1_38' title="bbox 315 3708 1506 3787; baseline 0 -23"><span class='ocrx_word' id='word_1_333' title='bbox 315 3713 554 3775; x_wconf 83' lang='lat' dir='ltr'><strong>amantissimus,</strong></span> <span class='ocrx_word' id='word_1_334' title='bbox 568 3708 698 3779; x_wconf 75' lang='lat' dir='ltr'><strong>mihique</strong></span> <span class='ocrx_word' id='word_1_335' title='bbox 708 3724 862 3783; x_wconf 86' lang='lat' dir='ltr'><strong>percarus,</strong></span> <span class='ocrx_word' id='word_1_336' title='bbox 879 3708 981 3765; x_wconf 86' lang='lat' dir='ltr'><strong>literas</strong></span> <span class='ocrx_word' id='word_1_337' title='bbox 997 3710 1038 3787; x_wconf 79' lang='lat' dir='ltr'><strong>ad</strong></span> <span class='ocrx_word' id='word_1_338' title='bbox 1044 3708 1177 3783; x_wconf 78' lang='lat' dir='ltr'><strong>fratrem</strong></span> <span class='ocrx_word' id='word_1_339' title='bbox 1190 3709 1282 3769; x_wconf 87' lang='lat' dir='ltr'><strong>arisit,</strong></span> <span class='ocrx_word' id='word_1_340' title='bbox 1298 3708 1372 3780; x_wconf 75' lang='lat' dir='ltr'><strong>epiri</strong></span> <span class='ocrx_word' id='word_1_341' title='bbox 1385 3709 1506 3781; x_wconf 81' lang='lat' dir='ltr'><strong>elegante</strong></span> 
     </span>
     <span class='ocr_line' id='line_1_39' title="bbox 314 3786 1481 3859; baseline -0.002 -19"><span class='ocrx_word' id='word_1_342' title='bbox 314 3786 383 3840; x_wconf 88' lang='lat' dir='ltr'><strong>assai</strong></span> <span class='ocrx_word' id='word_1_343' title='bbox 397 3787 449 3842; x_wconf 89' lang='lat' dir='ltr'><strong>che</strong></span> <span class='ocrx_word' id='word_1_344' title='bbox 464 3787 570 3854; x_wconf 84' lang='lat' dir='ltr'><strong>Titius,</strong></span> <span class='ocrx_word' id='word_1_345' title='bbox 586 3802 607 3840; x_wconf 90' lang='lat' dir='ltr'><strong>a</strong></span> <span class='ocrx_word' id='word_1_346' title='bbox 618 3799 674 3855; x_wconf 86' lang='lat' dir='ltr'><strong>quo</strong></span> <span class='ocrx_word' id='word_1_347' title='bbox 686 3791 719 3841; x_wconf 88' lang='lat' dir='ltr'><strong>tu</strong></span> <span class='ocrx_word' id='word_1_348' title='bbox 732 3787 861 3858; x_wconf 86' lang='lat' dir='ltr'><strong>impense</strong></span> <span class='ocrx_word' id='word_1_349' title='bbox 875 3787 992 3842; x_wconf 88' lang='lat' dir='ltr'><strong>amaris</strong></span> <span class='ocrx_word' id='word_1_350' title='bbox 1005 3793 1032 3843; x_wconf 92' lang='lat' dir='ltr'><strong>et</strong></span> <span class='ocrx_word' id='word_1_351' title='bbox 1045 3802 1131 3859; x_wconf 87' lang='lat' dir='ltr'><strong>quem</strong></span> <span class='ocrx_word' id='word_1_352' title='bbox 1143 3800 1194 3854; x_wconf 83' lang='lat' dir='ltr'><strong>eqo</strong></span> <span class='ocrx_word' id='word_1_353' title='bbox 1205 3798 1366 3857; x_wconf 81' lang='lat' dir='ltr'><strong>percurram</strong></span> <span class='ocrx_word' id='word_1_354' title='bbox 1379 3786 1481 3842; x_wconf 81' lang='lat' dir='ltr'><strong>babeo.</strong></span> 
     </span>
    </p>

    <p class='ocr_par' dir='ltr' id='par_1_14' title="bbox 311 3859 1515 4161">
     <span class='ocr_line' id='line_1_40' title="bbox 353 3859 1513 3932; baseline -0.003 -15"><span class='ocrx_word' id='word_1_355' title='bbox 353 3862 425 3919; x_wconf 86' lang='lat' dir='ltr'><strong>Sodi</strong></span> <span class='ocrx_word' id='word_1_356' title='bbox 440 3868 521 3917; x_wconf 88' lang='lat' dir='ltr'><strong>tratto</strong></span> <span class='ocrx_word' id='word_1_357' title='bbox 535 3861 559 3914; x_wconf 91' lang='lat' dir='ltr'><strong>in</strong></span> <span class='ocrx_word' id='word_1_358' title='bbox 575 3867 657 3915; x_wconf 88' lang='lat' dir='ltr'><strong>tratto</strong></span> <span class='ocrx_word' id='word_1_359' title='bbox 671 3861 818 3916; x_wconf 85' lang='lat' dir='ltr'><strong>l’orazione</strong></span> <span class='ocrx_word' id='word_1_360' title='bbox 832 3863 853 3916; x_wconf 85' lang='lat' dir='ltr'><strong>si</strong></span> <span class='ocrx_word' id='word_1_361' title='bbox 868 3862 998 3917; x_wconf 78' lang='lat' dir='ltr'><strong>condisce</strong></span> <span class='ocrx_word' id='word_1_362' title='bbox 1011 3863 1036 3918; x_wconf 89' lang='lat' dir='ltr'><strong>di</strong></span> <span class='ocrx_word' id='word_1_363' title='bbox 1058 3860 1207 3932; x_wconf 81' lang='lat' dir='ltr'><strong>porticella,</strong></span> <span class='ocrx_word' id='word_1_364' title='bbox 1222 3859 1273 3915; x_wconf 88' lang='lat' dir='ltr'><strong>che</strong></span> <span class='ocrx_word' id='word_1_365' title='bbox 1287 3861 1439 3918; x_wconf 84' lang='lat' dir='ltr'><strong>necessarie</strong></span> <span class='ocrx_word' id='word_1_366' title='bbox 1460 3875 1513 3915; x_wconf 92' lang='lat' dir='ltr'><strong>non</strong></span> 
     </span>
     <span class='ocr_line' id='line_1_41' title="bbox 316 3937 1515 4008; baseline 0.001 -18"><span class='ocrx_word' id='word_1_367' title='bbox 316 3952 394 4005; x_wconf 83' lang='lat' dir='ltr'><strong>sono,</strong></span> <span class='ocrx_word' id='word_1_368' title='bbox 409 3953 453 3993; x_wconf 88' lang='lat' dir='ltr'><strong>ma</strong></span> <span class='ocrx_word' id='word_1_369' title='bbox 465 3951 533 4007; x_wconf 89' lang='lat' dir='ltr'><strong>pure</strong></span> <span class='ocrx_word' id='word_1_370' title='bbox 547 3942 678 4008; x_wconf 82' lang='lat' dir='ltr'><strong>apportari</strong></span> <span class='ocrx_word' id='word_1_371' title='bbox 693 3938 811 4008; x_wconf 85' lang='lat' dir='ltr'><strong>placere:</strong></span> <span class='ocrx_word' id='word_1_372' title='bbox 824 3953 839 3991; x_wconf 89' lang='lat' dir='ltr'><strong>e</strong></span> <span class='ocrx_word' id='word_1_373' title='bbox 851 3937 875 3993; x_wconf 90' lang='lat' dir='ltr'><strong>lc</strong></span> <span class='ocrx_word' id='word_1_374' title='bbox 890 3938 1026 4008; x_wconf 88' lang='lat' dir='ltr'><strong>principali</strong></span> <span class='ocrx_word' id='word_1_375' title='bbox 1045 3953 1113 3992; x_wconf 85' lang='lat' dir='ltr'><strong>sono</strong></span> <span class='ocrx_word' id='word_1_376' title='bbox 1128 3938 1152 3993; x_wconf 90' lang='lat' dir='ltr'><strong>le</strong></span> <span class='ocrx_word' id='word_1_377' title='bbox 1164 3939 1356 3993; x_wconf 83' lang='lat' dir='ltr'><strong>asseveranti:</strong></span> <span class='ocrx_word' id='word_1_378' title='bbox 1365 3953 1440 4003; x_wconf 65' lang='lat' dir='ltr'><strong>aere7</strong></span> <span class='ocrx_word' id='word_1_379' title='bbox 1455 3951 1515 3991; x_wconf 63' lang='lat' dir='ltr'><strong>cerr·</strong></span> 
     </span>
     <span class='ocr_line' id='line_1_42' title="bbox 314 4009 1514 4085; baseline -0.002 -17"><span class='ocrx_word' id='word_1_380' title='bbox 314 4018 350 4070; x_wconf 84' lang='lat' dir='ltr'><strong>tc,</strong></span> <span class='ocrx_word' id='word_1_381' title='bbox 367 4012 495 4085; x_wconf 78' lang='lat' dir='ltr'><strong>quidem,</strong></span> <span class='ocrx_word' id='word_1_382' title='bbox 509 4028 590 4084; x_wconf 77' lang='lat' dir='ltr'><strong>saae3</strong></span> <span class='ocrx_word' id='word_1_383' title='bbox 606 4011 629 4067; x_wconf 87' lang='lat' dir='ltr'><strong>le</strong></span> <span class='ocrx_word' id='word_1_384' title='bbox 642 4013 757 4070; x_wconf 86' lang='lat' dir='ltr'><strong>termole</strong></span> <span class='ocrx_word' id='word_1_385' title='bbox 770 4013 796 4068; x_wconf 90' lang='lat' dir='ltr'><strong>di</strong></span> <span class='ocrx_word' id='word_1_386' title='bbox 809 4013 978 4084; x_wconf 82' lang='lat' dir='ltr'><strong>giuramento</strong></span> <span class='ocrx_word' id='word_1_387' title='bbox 992 4032 998 4066; x_wconf 76' lang='grc' dir='ltr'><strong><em>ε</em></strong></span> <span class='ocrx_word' id='word_1_388' title='bbox 1014 4010 1188 4070; x_wconf 74' lang='lat' dir='ltr'><strong>animale,</strong></span> <span class='ocrx_word' id='word_1_389' title='bbox 1201 4009 1339 4083; x_wconf 85' lang='lat' dir='ltr'><strong>aedepol,</strong></span> <span class='ocrx_word' id='word_1_390' title='bbox 1353 4011 1468 4069; x_wconf 86' lang='lat' dir='ltr'><strong>medius</strong></span> <span class='ocrx_word' id='word_1_391' title='bbox 1474 4012 1514 4082; x_wconf 80' lang='lat' dir='ltr'><strong>fi·</strong></span> 
     </span>
     <span class='ocr_line' id='line_1_43' title="bbox 311 4085 1435 4161; baseline 0.002 -21"><span class='ocrx_word' id='word_1_392' title='bbox 311 4085 391 4159; x_wconf 82' lang='lat' dir='ltr'><strong>dius,</strong></span> <span class='ocrx_word' id='word_1_393' title='bbox 406 4105 421 4144; x_wconf 89' lang='lat' dir='ltr'><strong>e</strong></span> <span class='ocrx_word' id='word_1_394' title='bbox 434 4087 523 4160; x_wconf 84' lang='lat' dir='ltr'><strong>qtrclle</strong></span> <span class='ocrx_word' id='word_1_395' title='bbox 537 4090 586 4145; x_wconf 89' lang='lat' dir='ltr'><strong>che</strong></span> <span class='ocrx_word' id='word_1_396' title='bbox 599 4089 651 4146; x_wconf 89' lang='lat' dir='ltr'><strong>han</strong></span> <span class='ocrx_word' id='word_1_397' title='bbox 664 4097 822 4161; x_wconf 87' lang='lat' dir='ltr'><strong>puramente</strong></span> <span class='ocrx_word' id='word_1_398' title='bbox 836 4089 852 4144; x_wconf 92' lang='lat' dir='ltr'><strong>il</strong></span> <span class='ocrx_word' id='word_1_399' title='bbox 867 4090 950 4160; x_wconf 83' lang='lat' dir='ltr'><strong>garbo</strong></span> <span class='ocrx_word' id='word_1_400' title='bbox 965 4088 1036 4145; x_wconf 84' lang='lat' dir='ltr'><strong>della</strong></span> <span class='ocrx_word' id='word_1_401' title='bbox 1050 4089 1216 4144; x_wconf 86' lang='lat' dir='ltr'><strong>transizione:</strong></span> <span class='ocrx_word' id='word_1_402' title='bbox 1232 4102 1308 4158; x_wconf 86' lang='lat' dir='ltr'><strong>vero,</strong></span> <span class='ocrx_word' id='word_1_403' title='bbox 1325 4094 1435 4145; x_wconf 87' lang='lat' dir='ltr'><strong>autem.</strong></span> 
     </span>
    </p>

    <p class='ocr_par' dir='ltr' id='par_1_15' title="bbox 312 4163 1515 4844">
     <span class='ocr_line' id='line_1_44' title="bbox 350 4163 1513 4236; baseline 0 -19"><span class='ocrx_word' id='word_1_404' title='bbox 350 4165 389 4219; x_wconf 87' lang='lat' dir='ltr'><strong>La</strong></span> <span class='ocrx_word' id='word_1_405' title='bbox 402 4172 472 4220; x_wconf 86' lang='lat' dir='ltr'><strong>term</strong></span> <span class='ocrx_word' id='word_1_406' title='bbox 484 4172 563 4233; x_wconf 86' lang='lat' dir='ltr'><strong>parte</strong></span> <span class='ocrx_word' id='word_1_407' title='bbox 573 4165 643 4220; x_wconf 89' lang='lat' dir='ltr'><strong>della</strong></span> <span class='ocrx_word' id='word_1_408' title='bbox 656 4168 780 4236; x_wconf 86' lang='lat' dir='ltr'><strong>eleganza</strong></span> <span class='ocrx_word' id='word_1_409' title='bbox 793 4164 808 4219; x_wconf 80' lang='lat' dir='ltr'><strong>e</strong></span> <span class='ocrx_word' id='word_1_410' title='bbox 822 4164 846 4220; x_wconf 86' lang='lat' dir='ltr'><strong>la</strong></span> <span class='ocrx_word' id='word_1_411' title='bbox 856 4165 1005 4232; x_wconf 86' lang='lat' dir='ltr'><strong>pronuncia</strong></span> <span class='ocrx_word' id='word_1_412' title='bbox 1018 4163 1139 4220; x_wconf 80' lang='lat' dir='ltr'><strong>secondo</strong></span> <span class='ocrx_word' id='word_1_413' title='bbox 1154 4163 1171 4219; x_wconf 85' lang='lat' dir='ltr'><strong>l’</strong></span> <span class='ocrx_word' id='word_1_414' title='bbox 1182 4178 1233 4218; x_wconf 89' lang='lat' dir='ltr'><strong>uso</strong></span> <span class='ocrx_word' id='word_1_415' title='bbox 1245 4177 1368 4231; x_wconf 76' lang='lat' dir='ltr'><strong>romano,</strong></span> <span class='ocrx_word' id='word_1_416' title='bbox 1384 4164 1435 4218; x_wconf 80' lang='lat' dir='ltr'><strong>clre</strong></span> <span class='ocrx_word' id='word_1_417' title='bbox 1448 4177 1513 4233; x_wconf 90' lang='lat' dir='ltr'><strong>pro-</strong></span> 
     </span>
     <span class='ocr_line' id='line_1_45' title="bbox 315 4238 1515 4311; baseline 0.002 -20"><span class='ocrx_word' id='word_1_418' title='bbox 315 4238 462 4309; x_wconf 88' lang='lat' dir='ltr'><strong>priamente</strong></span> <span class='ocrx_word' id='word_1_419' title='bbox 476 4242 497 4295; x_wconf 90' lang='lat' dir='ltr'><strong>si</strong></span> <span class='ocrx_word' id='word_1_420' title='bbox 511 4242 617 4295; x_wconf 84' lang='lat' dir='ltr'><strong>chiama</strong></span> <span class='ocrx_word' id='word_1_421' title='bbox 628 4238 782 4295; x_wconf 84' lang='lat' dir='ltr'><strong>urbanitd.</strong></span> <span class='ocrx_word' id='word_1_422' title='bbox 799 4242 840 4295; x_wconf 87' lang='lat' dir='ltr'><strong>lla</strong></span> <span class='ocrx_word' id='word_1_423' title='bbox 859 4241 972 4295; x_wconf 77' lang='lat' dir='ltr'><strong>sarelilre</strong></span> <span class='ocrx_word' id='word_1_424' title='bbox 983 4239 1121 4311; x_wconf 83' lang='lat' dir='ltr'><strong>disperata</strong></span> <span class='ocrx_word' id='word_1_425' title='bbox 1133 4239 1212 4295; x_wconf 87' lang='lat' dir='ltr'><strong>latica</strong></span> <span class='ocrx_word' id='word_1_426' title='bbox 1233 4238 1303 4309; x_wconf 85' lang='lat' dir='ltr'><strong>tlopo</strong></span> <span class='ocrx_word' id='word_1_427' title='bbox 1318 4246 1407 4295; x_wconf 88' lang='lat' dir='ltr'><strong>morta</strong></span> <span class='ocrx_word' id='word_1_428' title='bbox 1427 4240 1451 4293; x_wconf 91' lang='lat' dir='ltr'><strong>la</strong></span> <span class='ocrx_word' id='word_1_429' title='bbox 1466 4238 1515 4293; x_wconf 83' lang='lat' dir='ltr'><strong>lin·</strong></span> 
     </span>
     <span class='ocr_line' id='line_1_46' title="bbox 314 4313 1507 4386; baseline -0.002 -18"><span class='ocrx_word' id='word_1_430' title='bbox 314 4329 370 4383; x_wconf 80' lang='lat' dir='ltr'><strong>gua</strong></span> <span class='ocrx_word' id='word_1_431' title='bbox 385 4315 410 4368; x_wconf 91' lang='lat' dir='ltr'><strong>lo</strong></span> <span class='ocrx_word' id='word_1_432' title='bbox 422 4316 575 4386; x_wconf 81' lang='lat' dir='ltr'><strong>ingcgunrsi</strong></span> <span class='ocrx_word' id='word_1_433' title='bbox 595 4317 805 4385; x_wconf 79' lang='lat' dir='ltr'><strong>nconsegoirla.</strong></span> <span class='ocrx_word' id='word_1_434' title='bbox 821 4313 920 4370; x_wconf 78' lang='lat' dir='ltr'><strong>Pulchri</strong></span> <span class='ocrx_word' id='word_1_435' title='bbox 941 4316 965 4370; x_wconf 91' lang='lat' dir='ltr'><strong>ln</strong></span> <span class='ocrx_word' id='word_1_436' title='bbox 985 4317 1134 4386; x_wconf 88' lang='lat' dir='ltr'><strong>pronuncia</strong></span> <span class='ocrx_word' id='word_1_437' title='bbox 1155 4320 1247 4370; x_wconf 86' lang='lat' dir='ltr'><strong>nostra</strong></span> <span class='ocrx_word' id='word_1_438' title='bbox 1267 4314 1283 4369; x_wconf 79' lang='lat' dir='ltr'><strong>a</strong></span> <span class='ocrx_word' id='word_1_439' title='bbox 1302 4315 1507 4371; x_wconf 87' lang='lat' dir='ltr'><strong>carrottissitna.</strong></span> 
     </span>
     <span class='ocr_line' id='line_1_47' title="bbox 313 4387 1510 4463; baseline -0.002 -17"><span class='ocrx_word' id='word_1_440' title='bbox 313 4387 412 4446; x_wconf 75' lang='lat' dir='ltr'><strong>Poicirc</strong></span> <span class='ocrx_word' id='word_1_441' title='bbox 427 4391 434 4443; x_wconf 89' lang='lat' dir='ltr'><strong>i</strong></span> <span class='ocrx_word' id='word_1_442' title='bbox 449 4389 520 4445; x_wconf 88' lang='lat' dir='ltr'><strong>latini</strong></span> <span class='ocrx_word' id='word_1_443' title='bbox 535 4390 736 4462; x_wconf 89' lang='lat' dir='ltr'><strong>pronunciando</strong></span> <span class='ocrx_word' id='word_1_444' title='bbox 748 4391 771 4446; x_wconf 85' lang='lat' dir='ltr'><strong>la</strong></span> <span class='ocrx_word' id='word_1_445' title='bbox 784 4391 869 4447; x_wconf 87' lang='lat' dir='ltr'><strong>vocali</strong></span> <span class='ocrx_word' id='word_1_446' title='bbox 883 4390 996 4463; x_wconf 82' lang='lat' dir='ltr'><strong>lttnglrc,</strong></span> <span class='ocrx_word' id='word_1_447' title='bbox 1010 4399 1084 4447; x_wconf 89' lang='lat' dir='ltr'><strong>tanto</strong></span> <span class='ocrx_word' id='word_1_448' title='bbox 1098 4398 1187 4457; x_wconf 74' lang='lat' dir='ltr'><strong>tempto</strong></span> <span class='ocrx_word' id='word_1_449' title='bbox 1201 4388 1226 4443; x_wconf 86' lang='lat' dir='ltr'><strong>ri</strong></span> <span class='ocrx_word' id='word_1_450' title='bbox 1240 4396 1375 4446; x_wconf 89' lang='lat' dir='ltr'><strong>metteano</strong></span> <span class='ocrx_word' id='word_1_451' title='bbox 1391 4404 1470 4446; x_wconf 88' lang='lat' dir='ltr'><strong>come</strong></span> <span class='ocrx_word' id='word_1_452' title='bbox 1484 4389 1510 4444; x_wconf 86' lang='lat' dir='ltr'><strong>le</strong></span> 
     </span>
     <span class='ocr_line' id='line_1_48' title="bbox 312 4464 1514 4538; baseline -0.002 -17"><span class='ocrx_word' id='word_1_453' title='bbox 312 4464 533 4535; x_wconf 86' lang='lat' dir='ltr'><strong>duplicassoro.E</strong></span> <span class='ocrx_word' id='word_1_454' title='bbox 546 4466 665 4537; x_wconf 81' lang='lat' dir='ltr'><strong>reprimi</strong></span> <span class='ocrx_word' id='word_1_455' title='bbox 681 4468 762 4536; x_wconf 75' lang='lat' dir='ltr'><strong>tempti</strong></span> <span class='ocrx_word' id='word_1_456' title='bbox 775 4467 799 4522; x_wconf 88' lang='lat' dir='ltr'><strong>le</strong></span> <span class='ocrx_word' id='word_1_457' title='bbox 810 4467 1009 4538; x_wconf 84' lang='lat' dir='ltr'><strong>aeldappiarano</strong></span> <span class='ocrx_word' id='word_1_458' title='bbox 1023 4465 1094 4521; x_wconf 87' lang='lat' dir='ltr'><strong>aella</strong></span> <span class='ocrx_word' id='word_1_459' title='bbox 1107 4464 1269 4535; x_wconf 72' lang='lat' dir='ltr'><strong>scritturmla</strong></span> <span class='ocrx_word' id='word_1_460' title='bbox 1282 4466 1344 4536; x_wconf 89' lang='lat' dir='ltr'><strong>qual</strong></span> <span class='ocrx_word' id='word_1_461' title='bbox 1359 4472 1514 4520; x_wconf 85' lang='lat' dir='ltr'><strong>costumna-</strong></span> 
     </span>
     <span class='ocr_line' id='line_1_49' title="bbox 314 4540 1514 4614; baseline 0.001 -19"><span class='ocrx_word' id='word_1_462' title='bbox 314 4557 345 4595; x_wconf 90' lang='lat' dir='ltr'><strong>zo</strong></span> <span class='ocrx_word' id='word_1_463' title='bbox 354 4542 376 4596; x_wconf 92' lang='lat' dir='ltr'><strong>si</strong></span> <span class='ocrx_word' id='word_1_464' title='bbox 389 4540 460 4596; x_wconf 87' lang='lat' dir='ltr'><strong>aboll</strong></span> <span class='ocrx_word' id='word_1_465' title='bbox 474 4541 497 4595; x_wconf 80' lang='lat' dir='ltr'><strong>a’</strong></span> <span class='ocrx_word' id='word_1_466' title='bbox 511 4544 590 4614; x_wconf 89' lang='lat' dir='ltr'><strong>tempi</strong></span> <span class='ocrx_word' id='word_1_467' title='bbox 602 4543 627 4599; x_wconf 89' lang='lat' dir='ltr'><strong>di</strong></span> <span class='ocrx_word' id='word_1_468' title='bbox 640 4543 745 4598; x_wconf 86' lang='lat' dir='ltr'><strong>Ennio:</strong></span> <span class='ocrx_word' id='word_1_469' title='bbox 770 4543 779 4597; x_wconf 91' lang='lat' dir='ltr'><strong>i</strong></span> <span class='ocrx_word' id='word_1_470' title='bbox 794 4544 888 4614; x_wconf 79' lang='lat' dir='ltr'><strong>vestigi</strong></span> <span class='ocrx_word' id='word_1_471' title='bbox 903 4559 936 4598; x_wconf 90' lang='lat' dir='ltr'><strong>ne</strong></span> <span class='ocrx_word' id='word_1_472' title='bbox 950 4550 1058 4598; x_wconf 84' lang='lat' dir='ltr'><strong>restans</strong></span> <span class='ocrx_word' id='word_1_473' title='bbox 1071 4540 1142 4597; x_wconf 88' lang='lat' dir='ltr'><strong>nella</strong></span> <span class='ocrx_word' id='word_1_474' title='bbox 1153 4541 1320 4597; x_wconf 86' lang='lat' dir='ltr'><strong>interiezione</strong></span> <span class='ocrx_word' id='word_1_475' title='bbox 1334 4542 1407 4597; x_wconf 78' lang='lat' dir='ltr'><strong>esea</strong></span> <span class='ocrx_word' id='word_1_476' title='bbox 1420 4581 1428 4610; x_wconf 82' lang='grc'><em>,</em></span> <span class='ocrx_word' id='word_1_477' title='bbox 1442 4556 1457 4596; x_wconf 93' lang='lat' dir='ltr'><strong>e</strong></span> <span class='ocrx_word' id='word_1_478' title='bbox 1471 4541 1514 4596; x_wconf 91' lang='lat' dir='ltr'><strong>acl</strong></span> 
     </span>
     <span class='ocr_line' id='line_1_50' title="bbox 314 4615 1514 4691; baseline 0 -20"><span class='ocrx_word' id='word_1_479' title='bbox 314 4618 397 4672; x_wconf 76' lang='lat' dir='ltr'><strong>serito</strong></span> <span class='ocrx_word' id='word_1_480' title='bbox 407 4616 582 4691; x_wconf 68' lang='lat' dir='ltr'><strong>medendae</strong></span> <span class='ocrx_word' id='word_1_481' title='bbox 598 4621 656 4674; x_wconf 90' lang='lat' dir='ltr'><strong>suoi</strong></span> <span class='ocrx_word' id='word_1_482' title='bbox 670 4619 857 4687; x_wconf 66' lang='lat' dir='ltr'><strong>compostella</strong></span> <span class='ocrx_word' id='word_1_483' title='bbox 871 4619 967 4674; x_wconf 84' lang='lat' dir='ltr'><strong>rimosa</strong></span> <span class='ocrx_word' id='word_1_484' title='bbox 981 4618 1066 4672; x_wconf 88' lang='lat' dir='ltr'><strong>anche</strong></span> <span class='ocrx_word' id='word_1_485' title='bbox 1076 4617 1147 4687; x_wconf 82' lang='lat' dir='ltr'><strong>tlopo</strong></span> <span class='ocrx_word' id='word_1_486' title='bbox 1157 4617 1241 4672; x_wconf 88' lang='lat' dir='ltr'><strong>Ennio</strong></span> <span class='ocrx_word' id='word_1_487' title='bbox 1252 4615 1277 4672; x_wconf 88' lang='lat' dir='ltr'><strong>la</strong></span> <span class='ocrx_word' id='word_1_488' title='bbox 1287 4617 1514 4687; x_wconf 88' lang='lat' dir='ltr'><strong>pronunciazione</strong></span> 
     </span>
     <span class='ocr_line' id='line_1_51' title="bbox 313 4690 1514 4764; baseline -0.001 -17"><span class='ocrx_word' id='word_1_489' title='bbox 313 4692 364 4747; x_wconf 90' lang='lat' dir='ltr'><strong>che</strong></span> <span class='ocrx_word' id='word_1_490' title='bbox 375 4694 522 4763; x_wconf 74' lang='lat' dir='ltr'><strong>dicemrnm</strong></span> <span class='ocrx_word' id='word_1_491' title='bbox 534 4709 548 4748; x_wconf 91' lang='lat' dir='ltr'><strong>e</strong></span> <span class='ocrx_word' id='word_1_492' title='bbox 558 4710 689 4750; x_wconf 86' lang='lat' dir='ltr'><strong>amorem</strong></span> <span class='ocrx_word' id='word_1_493' title='bbox 700 4698 722 4749; x_wconf 87' lang='lat' dir='ltr'><strong>si</strong></span> <span class='ocrx_word' id='word_1_494' title='bbox 736 4690 879 4762; x_wconf 80' lang='lat' dir='ltr'><strong>psallerira</strong></span> <span class='ocrx_word' id='word_1_495' title='bbox 893 4709 942 4748; x_wconf 92' lang='lat' dir='ltr'><strong>con</strong></span> <span class='ocrx_word' id='word_1_496' title='bbox 956 4693 1053 4764; x_wconf 89' lang='lat' dir='ltr'><strong>doppia</strong></span> <span class='ocrx_word' id='word_1_497' title='bbox 1067 4709 1111 4763; x_wconf 80' lang='lat'><strong>⁰⁰3</strong></span> <span class='ocrx_word' id='word_1_498' title='bbox 1127 4699 1246 4764; x_wconf 88' lang='lat' dir='ltr'><strong>equesto</strong></span> <span class='ocrx_word' id='word_1_499' title='bbox 1262 4695 1287 4747; x_wconf 89' lang='lat' dir='ltr'><strong>in</strong></span> <span class='ocrx_word' id='word_1_500' title='bbox 1305 4693 1406 4747; x_wconf 88' lang='lat' dir='ltr'><strong>tultcle</strong></span> <span class='ocrx_word' id='word_1_501' title='bbox 1421 4692 1514 4746; x_wconf 84' lang='lat' dir='ltr'><strong>sillabe</strong></span> 
     </span>
     <span class='ocr_line' id='line_1_52' title="bbox 314 4767 1515 4844; baseline 0.003 -22"><span class='ocrx_word' id='word_1_502' title='bbox 314 4770 491 4830; x_wconf 84' lang='lat' dir='ltr'><strong>osserrarasi:</strong></span> <span class='ocrx_word' id='word_1_503' title='bbox 504 4768 573 4826; x_wconf 86' lang='lat' dir='ltr'><strong>ouda</strong></span> <span class='ocrx_word' id='word_1_504' title='bbox 586 4772 622 4844; x_wconf 83' lang='lat' dir='ltr'><strong>gli</strong></span> <span class='ocrx_word' id='word_1_505' title='bbox 633 4773 734 4828; x_wconf 89' lang='lat' dir='ltr'><strong>istrioni</strong></span> <span class='ocrx_word' id='word_1_506' title='bbox 747 4769 763 4838; x_wconf 79' lang='lat' dir='ltr'><strong>ti</strong></span> <span class='ocrx_word' id='word_1_507' title='bbox 774 4770 821 4841; x_wconf 84' lang='lat' dir='ltr'><strong>piri</strong></span> <span class='ocrx_word' id='word_1_508' title='bbox 832 4771 910 4843; x_wconf 85' lang='lat' dir='ltr'><strong>servi)</strong></span> <span class='ocrx_word' id='word_1_509' title='bbox 926 4771 1020 4825; x_wconf 83' lang='lat' dir='ltr'><strong>venian</strong></span> <span class='ocrx_word' id='word_1_510' title='bbox 1031 4769 1148 4826; x_wconf 84' lang='lat' dir='ltr'><strong>fischiati</strong></span> <span class='ocrx_word' id='word_1_511' title='bbox 1159 4768 1193 4825; x_wconf 84' lang='lat' dir='ltr'><strong>da</strong></span> <span class='ocrx_word' id='word_1_512' title='bbox 1205 4768 1362 4840; x_wconf 84' lang='lat' dir='ltr'><strong>qualnuque</strong></span> <span class='ocrx_word' id='word_1_513' title='bbox 1376 4782 1461 4823; x_wconf 87' lang='lat' dir='ltr'><strong>aomo</strong></span> <span class='ocrx_word' id='word_1_514' title='bbox 1471 4767 1515 4826; x_wconf 84' lang='lat' dir='ltr'><strong>del</strong></span> 
     </span>
    </p>
   </div>
   <div class='ocr_carea' id='block_1_6' title="bbox 459 4872 1380 4933">
    <p class='ocr_par' dir='ltr' id='par_1_16' title="bbox 459 4872 1380 4933">
     <span class='ocr_line' id='line_1_53' title="bbox 459 4872 1380 4933; baseline -0.003 -5"><span class='ocrx_word' id='word_1_515' title='bbox 459 4872 534 4929; x_wconf 80' lang='lat' dir='ltr'><strong>Vico.</strong></span> <span class='ocrx_word' id='word_1_516' title='bbox 549 4877 731 4933; x_wconf 81' lang='lat' dir='ltr'><strong>lastituzioai</strong></span> <span class='ocrx_word' id='word_1_517' title='bbox 745 4878 867 4931; x_wconf 80' lang='lat' dir='ltr'><strong>Oratorie</strong></span> <span class='ocrx_word' id='word_1_518' title='bbox 1349 4877 1380 4926; x_wconf 79' lang='lat'><strong>12</strong></span> 
     </span>
    </p>
   </div>
   <div class='ocr_carea' id='block_1_7' title="bbox 0 0 1976 5592">
    <p class='ocr_par' dir='ltr' id='par_1_17' title="bbox 0 0 1976 5592">
     <span class='ocr_line' id='line_1_54' title="bbox 0 0 1976 5592; baseline 0 0"><span class='ocrx_word' id='word_1_519' title='bbox 0 0 1976 5592; x_wconf 95' lang='lat' dir='ltr'><strong> </strong></span> 
     </span>
    </p>
   </div>
  </div>
 </body>
</html>
