3942 5592
302 601 360 664 tibi
375 601 489 665 babent
505 601 633 668 llaximo
647 599 775 678 Principi
787 600 945 676 maximas,
960 601 1080 663 inlicitis
1092 603 1252 670 virtutibus
1263 614 1379 682 ornato,
1396 609 1530 671 innume·
1616 649 1619 657 .

302 712 378 768 ras,
399 693 534 756 aeternis
553 694 704 756 benefieiis
726 692 879 767 affluenti,
902 694 1098 755 immortales.
1121 697 1165 757 lla
1186 699 1320 761 sentiunt
1340 701 1463 780 vulgus:
1487 702 1529 763 ita

303 792 472 870 prudentes
487 791 664 870 intelligunt.
681 789 738 851 Sed
753 790 818 850 illos
834 790 952 851 inlantia
966 792 1141 870 praepedit3
1167 795 1221 855 bos
1234 797 1380 858 modestia
1395 798 1507 858 attinet
1520 818 1531 876 3

304 907 355 951 me
368 888 429 950 mei
450 889 583 950 muneris
604 883 730 949 officiam
752 887 899 964 impellit,
915 892 951 949 ut
965 888 1073 949 dicam.
1090 889 1171 951 Tuae
1184 892 1272 954 modo
1285 894 1343 953 erit
1361 893 1533 955 clementiae

303 999 344 1044 ex
358 999 480 1044 summo
493 979 662 1060 majestatis
674 981 800 1043 culmine
817 982 845 1042 in
860 982 933 1042 haec
950 982 1007 1042 ima
1022 984 1214 1046 descendere:
1224 986 1355 1058 atilium,
1365 1003 1464 1064 spero,
1478 989 1536 1049 bu·

306 1076 464 1138 inanitatis
477 1075 578 1153 capies
594 1076 779 1149 tructam,ul
791 1076 908 1135 noveris
919 1079 1164 1154 quantumsuper
1175 1078 1323 1156 fastigium
1338 1080 1532 1142 humanarum

310 1168 435 1232 mudum
444 1167 776 1245 emineasnugustiora
783 1167 890 1227 Christi
901 1169 1090 1246 triumphalis
1104 1186 1187 1231 saera
1198 1171 1433 1249 celebrabamus,
1442 1190 1533 1249 quum

307 1263 412 1340 regiae
426 1262 532 1323 elassis
545 1260 681 1336 cajetam
694 1261 838 1339 appulsae
851 1260 1070 1342 jucundissimo
1086 1268 1214 1342 excepto
1230 1264 1354 1338 nuncio,
1376 1269 1530 1344 extemplo
1643 1272 1646 1281 '

306 1354 382 1416 ielix
395 1368 481 1414 omen
496 1358 663 1430 accepimus
674 1356 705 1413 te
724 1369 778 1430 per
791 1351 857 1413 dies
868 1354 999 1414 omniurn
1016 1353 1271 1416 testivissimosad
1282 1353 1375 1436 hujus
1385 1358 1467 1436 regni
1479 1375 1531 1434 ap·

304 1451 420 1528 petisse
435 1465 526 1524 erasa
542 1449 594 1527 qui
610 1455 708 1511 tecum
721 1447 818 1511 omnia
831 1448 871 1508 ad
886 1466 940 1509 nos
953 1465 1099 1527 prospera
1114 1449 1268 1528 feliciaque
1281 1454 1474 1515 conveheres.
1491 1453 1534 1517 ibi

303 1544 358 1622 qui
374 1544 492 1622 priores
503 1557 569 1602 eam
584 1544 770 1620 exceperunt
786 1541 904 1616 lamam,
914 1558 932 1602 e
944 1541 1070 1619 uestigio
1084 1541 1213 1619 undique
1227 1561 1283 1620 per
1298 1545 1402 1606 urbem
1416 1546 1532 1605 alacres

311 1641 498 1719 erumpentis·
507 1640 705 1721 jucunditatis
721 1656 867 1717 quaerere
882 1641 999 1702 socios:
1022 1644 1053 1701 el
1076 1641 1206 1702 universi
1228 1642 1284 1703 sibi
1299 1643 1379 1703 ultro
1392 1644 1530 1721 citroque

311 1735 493 1812 plaudentes
517 1736 628 1794 taniam
655 1748 759 1792 noram
774 1748 835 1793 rem
850 1733 1006 1810 gratulari.
1025 1733 1222 1793 Laetabantur
1235 1733 1360 1808 juvenes
1374 1750 1407 1795 se
1418 1735 1482 1814 jam
1497 1738 1534 1796 il·

310 1827 374 1886 lum
392 1830 510 1887 risuros
523 1825 613 1895 diem,
629 1840 719 1901 quem
736 1824 884 1885 narrando
897 1824 1080 1884 demirentur
1094 1826 1241 1886 minores:
1264 1826 1433 1902 gaudebant
1444 1845 1531 1889 senes

310 1940 344 1983 se
359 1927 444 1984 tante
458 1924 537 1984 bono
552 1922 741 1999 superstites,
756 1922 904 2000 cui-langa
920 1921 1069 1997 majerum
1084 1924 1177 1982 series
1192 1909 1349 2002 praerepta
1364 1929 1459 1988 esset.
1474 1926 1534 1990 Ad-

308 2021 406 2082 rersis
419 2020 498 2093 acti,
515 2021 727 2098 prosperisque
740 2019 881 2080 llorentes
897 2022 924 2080 in
938 2036 1020 2096 spem
1035 2021 1148 2096 ereeli,
1166 2021 1205 2081 illi
1220 2023 1362 2082 malorum
1379 2023 1486 2100 linem,
1505 2026 1535 2085 bi

305 2115 470 2177 meliorum
494 2112 619 2177 exordia
644 2133 733 2192 quam
756 2131 826 2178 mox
841 2116 1051 2191 expectabant.
1064 2116 1146 2189 Quae
1161 2121 1225 2176 tum
1241 2122 1309 2177 rota
1323 2123 1468 2195 concepta
1485 2119 1533 2178 lli·
1557 2157 1558 2161 =

305 2209 371 2282 ris,
391 2211 436 2269 ali
452 2210 565 2284 nimbi,
582 2213 613 2270 el
628 2226 711 2270 mens
725 2210 772 2268 itta
789 2215 925 2270 motuum
941 2213 1040 2269 terrae
1055 2214 1162 2285 potens
1179 2211 1297 2270 landem
1318 2211 1477 2287 aliquando
1500 2212 1529 2270 in

307 2305 410 2364 nostra
423 2302 582 2381 Campania
597 2303 783 2363 desaevirent
800 2320 807 2362 a
826 2320 882 2362 neu
898 2302 1154 2362 innocentissimae
1170 2303 1282 2378 regioni
1299 2300 1440 2380 injustam
1454 2304 1533 2380 apud

308 2402 338 2460 le
351 2398 517 2461 conflarent
535 2400 682 2461 invidiam.
700 2399 744 2458 Tu
757 2404 945 2460 aeternornm
963 2399 1106 2459 luminum
1121 2403 1242 2471 rector,
1269 2405 1385 2459 nostras
1400 2399 1531 2461 omnium

310 2493 514 2555 curatissimas
528 2492 640 2554 audisti
656 2489 782 2571 preces,
809 2497 842 2553 ul
857 2494 924 2553 anni
941 2497 1074 2570 tempora
1088 2491 1263 2574 jamdudum
1279 2493 1446 2571 promiscua
1460 2511 1531 2554 coo·

311 2587 437 2648 stantius
452 2585 702 2662 aequabiliusque
714 2584 898 2661 moderarer,
911 2601 972 2660 quo
985 2590 1103 2645 nostrae
1114 2601 1183 2644 orae
1194 2585 1304 2645 Genius
1313 2600 1369 2644 sue
1384 2602 1418 2645 se
1433 2589 1533 2645 osten·

314 2686 388 2744 taret
401 2682 479 2760 Regi
494 2683 574 2743 laeta
588 2683 666 2742 reris
681 2682 767 2759 iaeie,
787 2698 892 2759 nempe
907 2699 973 2742 sua.
990 2681 1050 2742 llos
1069 2681 1107 2742 de
1123 2688 1152 2742 te
1169 2698 1322 2743 sermones
1336 2683 1436 2742 cuncti
1450 2683 1530 2743 cives

313 2780 476 2842 bnrultam
493 2781 572 2841 illam
589 2781 706 2840 noctem
721 2765 936 2840 conserebanta
952 2780 1123 2851 baecsensa
1137 2796 1191 2855 per
1204 2778 1348 2854 quietem,
1361 2779 1475 2855 siquae
1487 2781 1531 2840 ul·

319 2880 375 2941 tam
391 2879 470 2940 inter
483 2881 542 2939 lam
555 2877 709 2954 llaprantia
723 2877 867 2937 desideria
882 2879 1018 2955 amplexa
1032 2881 1092 2952 esi,
1107 2876 1274 2954 agitabant.
1291 2879 1329 2935 at
1345 2875 1395 2937 ubi
1409 2882 1530 2954 postera

316 2975 376 3038 luee
389 2980 420 3037 ie
431 2975 513 3034 Baiis
527 2975 720 3048 constitisse,
737 2980 768 3036 et
783 2976 915 3037 tonantia
930 2981 962 3036 et
977 2993 1116 3062 percussa
1132 2993 1199 3036 aera
1215 2976 1423 3036 renunciarent
1437 3019 1445 3051 ,
1459 2977 1530 3037 eivi-

316 3075 356 3133 las
369 3071 509 3132 unirersa
525 3071 566 3130 ita
589 3072 743 3132 immodico
764 3075 834 3132 tuae
849 3073 1083 3152 propinquitatis
1097 3072 1206 3150 gaudio
1227 3072 1302 3131 elata
1325 3075 1395 3145 est,
1418 3075 1452 3154 pt
1468 3073 1530 3148 ipsa

317 3163 424 3224 laetitia
440 3181 495 3243 per
511 3164 571 3224 lora
586 3165 767 3241 discurrere,
787 3170 865 3226 tecta
882 3165 982 3226 subire
996 3166 1161 3225 videretur.
1175 3164 1210 3222 Et
1222 3164 1250 3224 in
1264 3164 1398 3241 ancipiti,
1412 3180 1470 3239 qua
1483 3181 1532 3223 ur·

318 3259 376 3320 bem
390 3263 503 3337 adires,
519 3261 568 3320 alii
580 3261 727 3339 complere
739 3261 838 3333 litora,
852 3261 901 3320 alii
914 3263 975 3322 rias
985 3278 1143 3336 occupare3
1159 3276 1229 3337 pars
1241 3276 1356 3319 summa
1370 3262 1528 3331 lectorum,

317 3357 518 3437 quamplurimi
532 3357 652 3418 collium
668 3358 804 3436 speculas
820 3375 975 3436 superare,
991 3359 1043 3434 qui
1058 3360 1173 3419 eminus
1188 3357 1320 3417 cominus
1335 3360 1365 3416 te
1379 3356 1528 3432 conspice-

320 3460 391 3517 rent.
407 3456 472 3516 lton
488 3454 676 3516 imbecillitas
690 3456 795 3515 aetatis
810 3472 1006 3533 quemquam,
1023 3474 1080 3517 non
1096 3453 1271 3515 ualetudinis
1287 3453 1456 3526 fastidium,
1474 3469 1530 3512 non

317 3550 436 3628 denique
451 3568 543 3612 sexus
559 3550 655 3627 pudor
668 3552 804 3624 attinuit,
822 3552 981 3627 quominus
998 3552 1101 3612 mulos
1116 3552 1246 3628 augusto
1262 3550 1305 3607 tui
1320 3549 1467 3626 expleret,
1487 3547 1529 3607 in·

316 3644 460 3722 solitoque
474 3643 655 3720 spectaculo.
673 3644 760 3705 Pueri
774 3645 852 3705 enim
864 3660 953 3704 suum
966 3643 1128 3715 delicium,
1156 3660 1245 3703 suum
1267 3642 1358 3702 robur
1379 3642 1504 3716 juvenes
1520 3681 1529 3712 ,

316 3751 397 3797 tuum
412 3752 502 3797 senes
518 3737 660 3808 levamen,
677 3735 758 3813 aegri
775 3752 859 3796 suain
875 3737 1003 3797 salutem
1018 3736 1114 3795 visere
1129 3734 1299 3813 cupiebant.
1319 3736 1452 3809 Cumque
1467 3747 1532 3792 mo·
1609 3790 1614 3801 ,

316 3850 359 3895 rae
372 3834 567 3911 impotentes,
585 3833 713 3894 universi
728 3831 874 3914 ejusmodi
888 3834 1045 3895 desideriis
1061 3838 1244 3906 aestuantes,
1263 3831 1397 3892 odiosum
1412 3821 1533 3890 cessare

317 3935 429 4010 tempus
446 3931 628 4006 incusamus,
644 3933 723 4007 quod
738 3934 855 4010 pigrum
873 3933 914 3993 tui
929 3933 1038 3993 visendi
1056 3931 1274 3991 velocissimum
1290 3927 1469 3988 desiderium
1485 3926 1530 3987 el·

316 4025 433 4106 leerml,
451 4027 503 4089 rix
518 4029 637 4090 landem
651 4030 688 4090 ad
704 4030 890 4108 Pausilypum
906 4030 1142 4109 promontorium
1154 4031 1314 4104 conspecta
1325 4023 1425 4097 classi,
1441 4040 1531 4100 quam

314 4123 404 4190 uae
418 4128 489 4187 illae
510 4142 620 4193 voees,
640 4129 672 4186 et
693 4142 781 4201 quam
797 4127 884 4187 alacri
900 4127 1006 4204 spiritu
1021 4126 1057 4186 ad
1073 4125 1188 4186 coelum
1205 4139 1299 4200 usque
1316 4120 1471 4181 sublatae:
1491 4121 1530 4180 aa

313 4221 355 4283 sol
369 4236 481 4298 regum
495 4219 534 4279 ab
548 4218 679 4280 occiduis
692 4219 778 4280 undis
794 4220 878 4280 nobis
900 4222 1059 4281 exoritur!
1084 4221 1181 4293 Atque
1203 4219 1315 4277 interea
1338 4232 1437 4274 rerum
1459 4213 1532 4274 dum

314 4315 514 4397 tergeltinae,
530 4314 743 4394 Olympiaeque
755 4318 990 4394 praeterlegeres
1002 4333 1098 4388 oram,
1111 4313 1221 4374 sensim
1235 4313 1328 4373 nostri
1340 4311 1468 4371 Crateris
1480 4328 1532 4369 un·

313 4410 360 4473 dae
373 4409 552 4488 liquidiores
564 4408 687 4485 tiebant,
704 4410 872 4469 amoeniora
888 4410 986 4483 litora,
1003 4407 1180 4468 ridentiores
1195 4407 1296 4466 colles:
1315 4402 1365 4464 Sol
1381 4405 1444 4480 ipse
1461 4402 1532 4461 ittu-

314 4510 415 4572 strior:
435 4502 597 4584 augustior
615 4506 706 4587 hujus
728 4507 812 4569 urbis
827 4507 889 4567 lieri
905 4507 996 4568 iacies
1011 4508 1075 4568 visa
1089 4509 1148 4568 esi.
1165 4507 1202 4565 dt
1217 4504 1267 4565 ubi
1283 4503 1312 4563 in
1328 4503 1403 4561 bane
1417 4505 1529 4561 terram

313 4621 448 4685 messos
463 4620 510 4681 es,
528 4602 606 4664 [leus
619 4604 812 4667 immortalis!
834 4614 866 4668 ut
882 4621 974 4681 aeque
984 4606 1120 4684 abyssos,
1136 4619 1189 4664 seu
1204 4601 1293 4680 ignis,
1312 4615 1366 4659 seu
1379 4597 1458 4673 quod
1472 4613 1530 4655 rnn-

313 4701 353 4776 qis
363 4703 495 4763 naturae
509 4695 603 4774 lubet,
619 4702 653 4759 et
667 4697 853 4777 pbilosophis
868 4703 1033 4778 ignoratur,
1051 4699 1089 4758 ab
1101 4698 1170 4760 imis
1187 4699 1287 4757 lerrae
1297 4689 1459 4754 visceribus
1472 4692 1523 4750 tua

312 4792 546 4873 melioranda
563 4794 714 4871 pondera,
730 4800 761 4856 et
776 4796 989 4858 formidandam
1004 4796 1061 4856 rim
1079 4794 1178 4870 illam,
1195 4809 1255 4870 qua
1267 4792 1387 4852 immota
1404 4788 1528 4857 morel,
