3942 5592
1421 524 1477 585 lot

360 634 415 694 titt
427 652 473 697 res
486 635 607 711 publicu
621 634 674 694 suo
689 637 773 694 nnois
789 630 980 692 similitudine
996 674 1004 707 ,
1026 630 1106 690 totto
1119 629 1223 691 ciuilio
1237 631 1290 691 sul
1302 637 1481 708 tempestatis

307 729 377 792 pstor
392 714 444 774 sul)
458 719 697 793 portusimupino
711 713 928 775 describuntur.
1496 687 1504 713 ’

353 795 402 855 Sic
419 798 516 856 Cicero
525 813 586 873 pro
602 794 703 856 Caelio
717 797 876 853 orationem
890 793 942 856 ssd
960 795 1159 872 nooipolionis
1177 795 1320 871 alleporiu
1343 793 1510 872 sipurflcat:

312 891 328 928 s
342 879 480 951 quoniam
493 882 643 938 emersisse
656 879 718 934 tom
731 875 854 943 enada
878 879 906 934 et
920 873 1059 950 scopulos
1069 879 1269 947 mammonam
1282 875 1399 934 videtur
1412 881 1508 938 oratio

312 972 328 1008 ι(
349 969 426 1034 meo,
438 954 604 1034 perfacilis
618 954 691 1016 mitri
702 953 836 1046 reliquus
851 971 957 1016 cursus
971 955 1145 1014 ostenditur.
1166 958 1196 1008 ι’

328 1118 333 1130 ι
349 1036 407 1096 Sed
420 1040 636 1114 speciosissimo
650 1034 805 1112 adsparsa,
819 1039 853 1093 in
863 1051 924 1111 qua
940 1034 1002 1094 duo
1014 1039 1204 1110 reperiuntur
1217 1031 1428 1098 similitudinis
1443 1056 1512 1115 pra·

308 1117 364 1191 tra,
381 1121 408 1175 cl
424 1116 631 1177 translationis
646 1115 737 1192 topos,
749 1130 807 1190 pro
820 1115 984 1174 Muraenae

347 1213 363 1251 u
383 1196 470 1272 Quod
479 1195 600 1273 fretum,
612 1212 697 1274 quem
712 1194 854 1272 Euripum
867 1198 907 1253 tot
918 1200 1029 1264 motus,
1044 1198 1154 1272 tomas,
1172 1200 1199 1257 el
1214 1201 1276 1257 tom
1286 1198 1390 1256 varias
1404 1196 1509 1261 moero

302 1278 420 1350 putatis
434 1280 621 1356 aquationes,
636 1281 663 1336 et
674 1277 792 1352 fluetus,
809 1277 940 1351 quantas
949 1277 1193 1353 perturbationes
1216 1283 1243 1338 cl
1261 1280 1385 1357 muratos
1413 1283 1512 1338 aestus
1556 1302 1561 1312 ·

307 1352 392 1415 moer
405 1362 483 1418 ratio
495 1357 697 1418 cmnitiorum?
714 1375 729 1410 s

306 1528 328 1572 n
353 1435 400 1496 Fit
414 1442 453 1498 oti
464 1453 511 1499 um
525 1435 670 1515 olleporia
682 1454 723 1498 ca
737 1436 864 1496 otiorum
880 1440 1035 1515 troporum
1055 1440 1295 1514 continuatione,
1316 1442 1350 1497 ut
1365 1454 1407 1498 eu
1420 1443 1512 1500 meto·

327 1530 419 1592 umam

393 1597 465 1662 Sine
477 1597 601 1677 Cerere,
617 1604 649 1662 et
659 1599 766 1664 Libero
779 1595 875 1678 friget
886 1598 1004 1679 Venus.

355 1678 525 1741 Videndum
541 1700 578 1743 ne
598 1679 634 1740 ol
656 1681 718 1742 olio
728 1696 833 1761 penore
845 1692 943 1739 rerum
955 1685 1158 1757 incipiamus,
1173 1686 1206 1740 iu
1219 1678 1308 1740 atiud
1321 1684 1509 1744 terminemus

308 1757 479 1836 alleporias,
497 1765 679 1823 monstruosa
690 1774 789 1821 rerum
805 1763 1060 1838 inconsequentia.

308 1837 502 1982 mgperbgck,
523 1846 584 1904 siue
603 1847 803 1919 superiectio,
826 1841 985 1902 trorulatr'o
1004 1849 1049 1904 est
1071 1859 1257 1923 exsuperans
1273 1841 1384 1920 fidem,
1404 1841 1462 1920 vel,
1475 1848 1508 1902 in

359 1937 369 1977 r
391 1939 418 1992 s,

392 2044 399 2059 .
443 2046 451 2062 .
495 2048 504 2067 .
547 2049 555 2066 .
596 1999 622 2062 it
634 1998 749 2065 clamor
765 1997 806 2063 ad
819 2004 918 2063 astra.

355 2082 406 2142 Vel
420 2085 453 2141 in
465 2093 575 2150 minus,
591 2086 624 2141 ut
984 2100 988 2111 ·

386 2171 465 2231 llaec
479 2167 576 2231 oratio
591 2182 640 2226 me
654 2162 800 2225 miseram
818 2162 1008 2227 exanimavit
1027 2171 1121 2231 melu.

350 2251 516 2327 Metnlepsts
530 2252 573 2308 est
583 2245 718 2323 plurium
731 2248 878 2321 troporum
892 2261 1008 2316 nexum
1022 2252 1056 2307 ut
1112 2266 1117 2277 ·

385 2329 460 2393 Post
472 2327 592 2408 aliquot
604 2342 674 2387 mea
688 2340 784 2404 regua
798 2320 905 2386 videns
920 2323 1055 2387 mirabar
1070 2326 1191 2392 aristas.

313 2411 365 2472 lllrl
376 2417 483 2472 aristae
489 2426 547 2486 per
556 2402 763 2486 spnecdoolem
771 2408 926 2481 omnum
932 2421 990 2480 pro
998 2423 1090 2469 ncesse
1104 2413 1227 2470 :ommis
1235 2427 1292 2488 per
1313 2417 1517 2492 metonymiam

305 2511 363 2571 pro
379 2494 500 2554 aestates
516 2493 612 2550 aestas
625 2491 732 2548 iterum
740 2502 796 2563 per
810 2482 1022 2564 synecdochem
1028 2505 1088 2564 pro
1100 2506 1190 2551 anuo.

827 2641 1052 2658 ——1-

307 2742 404 2800 Orela
418 2740 577 2814 repubblica
590 2742 612 2796 si
627 2752 749 2796 sesenna
764 2740 837 2792 sotto
851 2732 877 2790 la
890 2734 1066 2796 similitudino
1078 2738 1105 2795 di
1117 2755 1195 2817 navo,
1210 2743 1235 2801 ie
1248 2758 1351 2817 guum
1361 2746 1433 2804 otoni
1443 2754 1514 2806 gono

305 2815 396 2890 quella
407 2817 433 2874 di
446 2824 588 2888 tempesta,
604 2817 630 2872 la
643 2830 709 2887 paee
723 2809 900 2882 sotto'quella
913 2811 955 2868 del
970 2821 1059 2883 porto.

345 2893 405 2948 Coel
419 2909 471 2965 pur
483 2894 613 2951 Cicerone
626 2907 679 2964 pro
696 2886 792 2946 Coelio
806 2885 927 2956 significa
940 2886 957 2941 l'
968 2889 1126 2945 undamento
1139 2889 1181 2947 del
1196 2907 1246 2948 csso
1263 2894 1385 2950 discorso
1399 2898 1462 2953 nell'
1472 2899 1511 2955 al·

307 2967 410 3040 legoria
422 2969 493 3026 della
506 2968 686 3042 navigazioue:
706 2959 828 3020 rPoiohe
843 2960 984 3018 l’oronione
999 2964 1105 3019 sembra
1118 2981 1208 3021 essere
1223 2971 1312 3024 ascita
1325 2968 1366 3024 dai
1379 2972 1514 3044 perigliosi

304 3045 389 3115 passi,
403 3060 419 3101 e
432 3045 580 3118 da’scogli,
596 3043 630 3099 mi
645 3042 667 3096 si
680 3055 743 3110 apte
758 3033 937 3108 spolitissimo
957 3037 973 3091 il
991 3039 1139 3096 rimanente
1153 3041 1196 3097 del
1208 3056 1289 3099 corso
1307 3065 1331 3097 s.

342 3121 384 3176 itu
397 3119 412 3176 e
426 3121 571 3177 bellissima
583 3119 601 3176 l'
609 3117 737 3189 allegoria
751 3110 943 3170 nell'orazione
956 3128 1005 3183 per
1017 3115 1145 3185 Murena,
1161 3117 1185 3171 in
1200 3118 1244 3173 eui
1265 3120 1365 3174 trorasi
1379 3122 1405 3177 la
1418 3125 1512 3193 grazia

304 3194 375 3252 della
389 3197 572 3264 similitudine,
587 3212 602 3251 e
616 3195 725 3248 insieme
739 3190 809 3246 della
823 3184 988 3244 traslazione:
1006 3211 1017 3238 ι
1033 3189 1221 3255 Qualestretto
1235 3193 1444 3268 slimure,quale
1459 3199 1513 3256 Eu.

305 3272 365 3342 ripo
378 3273 489 3328 oredete
503 3273 555 3329 ohe
569 3270 651 3326 sotira
665 3274 737 3325 tante
750 3283 765 3322 e
779 3269 850 3321 tauto
864 3261 937 3320 varie
951 3265 1094 3337 agitazioai
1106 3281 1122 3322 e
1135 3267 1218 3339 liutti,
1233 3278 1331 3341 quante
1354 3265 1513 3332 iurnalem

307 3347 552 3421 condeggiunrenti
565 3349 653 3404 hanan
668 3345 674 3401 i
690 3340 812 3399 Comini?
829 3363 840 3391 ι

340 3424 369 3480 Si
382 3424 409 3480 la
421 3440 489 3497 pure
501 3424 518 3479 l'
526 3424 652 3496 allegoria
661 3421 731 3477 oolla
744 3417 948 3474 continuatione
962 3415 1093 3488 de’tropi,
1104 3432 1183 3474 come
1197 3417 1264 3476 della
1278 3424 1441 3484 metoaimia:

443 3529 616 3583 senescerere
627 3526 728 3580 cBacco
741 3527 754 3576 'e
767 3522 851 3576 sredda
864 3524 969 3574 Venere.

349 3657 390 3712 ila
404 3655 453 3711 dee
464 3653 571 3709 badursi
584 3652 609 3708 di
624 3667 676 3707 nou
690 3648 853 3705 comineiare
869 3645 887 3700 l’
900 3644 1028 3716 allegoria
1038 3661 1090 3704 con
1105 3661 1142 3702 un
1156 3662 1254 3721 genero
1267 3649 1294 3705 ‹li
1308 3666 1384 3723 cose,
1399 3659 1516 3712 etermi-

308 3731 384 3791 narla
397 3734 425 3787 in
438 3746 476 3786 un
487 3728 568 3798 altro,
583 3743 636 3783 con
650 3732 803 3783 mostruosa
814 3723 1025 3793 incongruenza.

345 3805 477 3880 iperbole,
494 3806 662 3861 latinamente
676 3795 875 3872 superiectlo‚e
890 3813 942 3852 una
957 3797 1114 3860 traslazione
1129 3799 1179 3857 ohc
1193 3815 1292 3871 supera
1311 3802 1337 3860 lu
1347 3806 1516 3866 credenzam

309 3888 337 3943 in
351 3885 407 3957 piis,
423 3897 502 3940 come
519 3897 578 3936 uva
590 3880 607 3935 il
621 3878 698 3952 gnido
712 3876 765 3948 agli
779 3874 843 3931 astri
858 3892 883 3943 »ς
899 3875 955 3928 oin
968 3889 1060 3932 meno:

447 3989 541 4054 Queslo
553 3987 644 4056 parlare
656 3983 691 4035 col
705 3983 777 4034 timor
787 3978 821 4032 m’
832 3977 922 4030 accido.

346 4111 482 4184 iletalepsi
493 4108 509 4166 ὲ
522 4110 548 4166 la
561 4106 737 4167 connessione
751 4103 777 4160 di
791 4102 841 4173 piis
856 4101 937 4172 tropi:

442 4232 511 4300 Depo
523 4230 547 4282 i’
555 4230 666 4299 alquanto
678 4224 761 4297 spiuhe
774 4229 782 4281 i
793 4225 862 4293 regui
875 4224 932 4277 miei

445 4299 560 4353 Vcdendo
571 4299 698 4352 ammireris
720 4336 845 4352 .....

307 4420 487 4502 uovesptcte
499 4438 547 4493 per
560 4418 723 4476 siaeddochc
737 4384 878 4488 significan
891 4430 995 4487 messa
1018 4430 1109 4472 messe
1123 4432 1170 4488 per
1188 4420 1339 4476 nsutouimiu
1354 4420 1377 4475 lu
1391 4427 1477 4489 stute3
1490 4423 1513 4477 la

308 4505 438 4575 state-per
452 4496 519 4556 altra
532 4494 693 4557 sineddnche
707 4493 820 4553 l’unuo.
