3942 5592
523 611 585 673 Nec
599 611 727 671 reditura
743 603 892 667 Diomedis
906 601 944 663 oo
955 602 1076 660 interitu
1087 598 1243 677 Meleupri,

526 709 589 769 Nec
600 710 713 784 pomino
724 701 831 765 bellurn
846 701 1004 761 Troianum
1016 699 1133 757 orditur
1142 695 1179 755 ul
1189 712 1254 755 ooo.

527 804 644 877 Semper
657 799 701 859 od
712 799 843 859 cuculum
852 790 987 869 seatium,-
998 793 1026 851 et
1036 795 1069 850 in
1080 790 1265 865 medioeres,

530 897 599 958 Non
608 909 690 955 secus
701 911 737 952 oc
748 894 846 968 notos,
858 887 1024 948 auditorem
1037 885 1136 961 rapit·
1150 885 1178 941 el
1191 899 1275 960 prun⁴
1331 900 1336 916 ¹

529 992 669 1068 Desperol
680 985 807 1048 tractato
820 990 958 1047 nitescere
965 998 1065 1062 posse,
1073 982 1239 1060 ,relinquite

530 1083 627 1160 Atque
636 1087 681 1142 ilo
694 1083 845 1155 mentitur,
860 1081 902 1136 sic
915 1079 995 1137 ueris
1004 1072 1089 1151 solco
1101 1076 1243 1149 conseer,
1295 1130 1297 1139 ,

530 1180 633 1241 Primo
648 1196 684 1242 ne
693 1177 834 1252 medium,
846 1173 943 1233 medio
953 1187 989 1231 ne
1001 1168 1146 1244 discrepet
1158 1174 1258 1231 mrum.

574 1275 619 1335 Tu
632 1272 705 1351 quid
718 1290 781 1350 epo,
796 1272 824 1331 el
832 1263 963 1345 populus
976 1283 1088 1327 uncum
1102 1265 1259 1342 desideret,
1269 1263 1360 1326 nudi:

526 1371 561 1432 Si
568 1370 716 1449 plausoris
731 1382 795 1442 eges
808 1360 916 1423 cucco
929 1361 1085 1435 monuo,
1100 1362 1128 1416 et
1141 1373 1233 1435 usque

527 1463 654 1541 Sessurr',
669 1462 760 1521 douc
773 1459 877 1518 aanor
892 1449 947 1513 Vos
960 1448 1077 1533 plaudite
1091 1449 1182 1511 diem.

533 1560 646 1619 Accaus
660 1560 803 1631 onusque
814 1551 1014 1612 notandisunt
1028 1546 1083 1607 tibi
1095 1562 1201 1619 moran·

530 1651 740 1728 Mmtttonsquc
754 1648 842 1707 decor
854 1646 973 1704 staturis
989 1643 1107 1703 dendus
1121 1644 1149 1703 ei
1161 1646 1259 1703 onais.

572 1751 706 1811 Reddere
719 1751 773 1823 qui
780 1757 862 1802 uoces
875 1746 936 1800 iem
945 1741 1001 1801 scit
1010 1755 1100 1816 puer,
1115 1740 1143 1798 et
1152 1739 1229 1814 pede
1239 1745 1317 1800 corio

541 1848 644 1926 &poet
658 1842 789 1919 lunum,
803 1841 888 1918 perlit
896 1833 1020 1914 portius
1035 1831 1197 1908 colludere,
1211 1835 1238 1891 ct
1248 1835 1326 1891 irum

543 1934 662 2012 Collipit
672 1949 708 1992 oc
716 1934 802 2010 ponit
813 1934 929 2004 terrere,
943 1929 973 1986 el
986 1930 1120 1986 mutatur
1131 1929 1164 1985 in
1176 1924 1275 1986 torn.

569 2031 718 2095 luendus
730 2028 856 2103 iinenis,
870 2019 989 2082 taudem
1002 2023 1120 2084 custode
1133 2023 1252 2097 remoto,

534 2128 649 2191 Gaudet
662 2129 744 2203 cquis
754 2118 931 2195 canusque
942 2121 969 2178 el
979 2121 1076 2194 aprici
1088 2122 1219 2196 pronune
1233 2119 1344 2193 compi‚·

535 2226 640 2285 Cereus
653 2220 801 2278 tonitium
809 2214 902 2292 flecti,
917 2210 1109 2272 monitoribus
1119 2227 1218 2287 asper,

539 2311 659 2374 lltilium
673 2306 780 2371 turdus
785 2310 936 2385 provisor,
945 2305 1092 2382 predium
1102 2305 1194 2379 ueris,

531 2400 889 2479 Srdlinris,‚cupidusque,
901 2401 928 2457 et
939 2402 1039 2456 uncto
1051 2394 1218 2471 relinquere
1225 2407 1351 2475 pernen.

576 2497 728 2560 Conversis
742 2496 862 2575 studiis,
879 2498 961 2556 uetes
971 2494 1252 2569 animusqueoirilis

537 2595 658 2671 Quaerit
672 2611 742 2674 opes
752 2600 781 2656 et
790 2598 948 2671 armatior,
962 2597 1088 2656 inserit
1098 2590 1214 2666 lonui3

539 2687 722 2751 Conrmisisse
735 2692 825 2765 curet,
837 2688 918 2767 quod
926 2702 999 2746 mou
1008 2689 1121 2747 mucre
1132 2684 1252 2748 loborat.

577 2784 672 2849 Multo
682 2801 776 2846 sertem
785 2784 1015 2868 memmenniunl
1028 2783 1225 2856 incommodu3
1240 2785 1286 2847 uel
1298 2787 1380 2865 quod

542 2877 678 2961 Quaerit,
688 2883 715 2941 el
727 2879 850 2941 iuuentis
863 2879 953 2938 miser
968 2875 1104 2953 obstinet,
1118 2892 1154 2937 oe
1167 2883 1247 2941 timet
1260 2886 1325 2944 uti.-

742 3057 788 3104 lia
797 3050 919 3104 humet
928 3029 1088 3115 pom'u·
1099 3053 1222 3106 wirma.
1234 3075 1238 3082 ·

416 3226 479 3282 116.
493 3227 551 3279 Nec
564 3217 694 3275 redit-um
707 3214 867 3288 mancias)
882 3213 972 3287 Pergit
983 3215 1109 3272 Horatius
1123 3215 1227 3289 digredi
1240 3217 1273 3273 ab
1287 3226 1447 3292 argumento
1468 3222 1501 3278 de
1521 3223 1600 3281 tubu-

375 3312 463 3368 larum
476 3308 587 3381 deeora,
601 3305 674 3363 etde
688 3304 788 3361 heroici
802 3303 933 3375 poematia
946 3302 1039 3360 ordine
1051 3304 1103 3360 hoc
1117 3304 1199 3361 tradit
1216 3313 1412 3379 praeceptum,
1429 3316 1458 3366 ut
1468 3311 1529 3366 eius
1542 3327 1598 3368 me.

378 3398 422 3456 dia
435 3399 463 3453 in
476 3396 619 3468 principio,
633 3393 705 3451 initia
719 3391 744 3448 in
758 3392 846 3448 medio
857 3400 1013 3448 narrantur.
1029 3392 1073 3449 Sia
1086 3393 1219 3451 Homerus
1230 3395 1331 3453 bellum
1343 3399 1475 3456 troianum
1486 3402 1520 3457 ab
1530 3418 1601 3458 nono

380 3489 439 3546 eius
453 3502 534 3560 anno,
548 3484 675 3558 Virgilius
688 3482 870 3539 fundationem
883 3497 1010 3539 romanae
1023 3484 1110 3557 gentis
1131 3500 1147 3540 a
1162 3491 1319 3557 tempestate
1338 3503 1393 3561 qua
1411 3493 1514 3546 Aeneas
1535 3492 1600 3548 Cur·

379 3578 517 3652 thaginem
530 3576 634 3633 delatus
647 3582 699 3645 eat,
708 3575 861 3646 Torquatus
873 3575 974 3632 Tesana
984 3575 1232 3651 Hierosolymorum
1242 3577 1451 3638 liberationemu
1465 3588 1541 3638 sexto
1551 3599 1603 3639 an·

380 3680 427 3738 nu,
441 3679 496 3737 quo
510 3662 610 3720 bellum
621 3662 648 3717 iu
662 3660 751 3717 Asiam
762 3660 917 3716 Christiania
930 3659 1035 3716 illatum
1048 3667 1118 3731 erat,
1130 3677 1180 3717 sua
1190 3669 1313 3733 poemata
1327 3664 1469 3738 incipiunt.

420 3760 482 3815 119.
498 3760 537 3813 Et
550 3769 625 3825 quoe
637 3779 651 3796 ·
663 3756 808 3826 Desperu
820 3756 953 3808 trueluto
965 3755 1105 3808 nitescere
1114 3769 1209 3828 posse,
1221 3752 1368 3829 relinquit)
1383 3757 1411 3813 ld
1423 3765 1600 3829 praeceptum

382 3844 506 3918 religiose
519 3844 619 3899 Taaaue
634 3840 747 3897 serravit
759 3880 766 3913 ,
780 3839 828 3912 qui
840 3854 905 3895 arros
919 3840 1016 3897 heroas
1029 3855 1168 3913 utinquam
1182 3842 1363 3919 prandentes,
1378 3861 1518 3919 nunquam
1532 3862 1598 3904 aoe-

378 3939 472 3988 nautea
484 3930 596 3987 inducit.

419 4026 481 4080 151.
500 4020 591 4093 Veris)
606 4019 737 4077 Nimirum
750 4017 864 4091 linquae
877 4025 973 4076 natura
986 4019 1063 4077 fiunt.

417 4109 454 4165 lb.
470 4107 570 4180 Folsu)
581 4111 682 4180 Nempe
696 4106 837 4164 miracula.

744 4221 790 4268 lia
802 4219 960 4279 emmane
970 4219 1085 4268 netad·
1097 4221 1224 4272 decoro.

421 4335 483 4388 toa.
500 4333 544 4387 Tu
557 4328 629 4403 quiid
642 4331 701 4403 epo)
715 4330 794 4388 Redit
806 4337 885 4400 poeta
898 4330 933 4387 ud
946 4331 1118 4402 propositum
1131 4346 1215 4403 supra
1234 4339 1424 4405 argumentum
1444 4334 1477 4391 de
1499 4334 1603 4394 sabula·

379 4439 443 4482 rum
457 4423 568 4495 decoro,
582 4428 610 4477 et
623 4421 777 4495 singillatim
790 4422 932 4495 exequitur
946 4439 1036 4483 mores
1046 4425 1180 4499 cuiusque
1193 4427 1298 4498 aetatis,
1310 4427 1384 4499 quod
1393 4429 1541 4500 generatim
1552 4445 1601 4486 an·

379 4521 422 4570 toa
435 4519 615 4584 proposuerat
627 4528 659 4568 eu
673 4511 733 4567 loco
747 4519 925 4568 maturusne·
934 4529 1033 4571 annu.

422 4610 483 4662 165.
497 4602 649 4677 Sililimis)
665 4603 768 4659 Gloriae
783 4611 920 4676 appetens.

425 4695 484 4748 tut.
503 4692 594 4766 Opes)
609 4692 766 4749 Potentiam.

427 4786 488 4839 toa.
508 4784 691 4842 Comntisisse
704 4783 795 4857 curet)
809 4785 887 4851 Quod
899 4787 989 4845 vuum
1001 4787 1096 4847 sortem
1110 4788 1196 4846 decet.
