3942 5592
418 390 476 451 tto

383 502 507 576 tamque
522 499 614 562 mirae
628 495 793 565 modestiae
811 497 943 573 quantae
959 491 1034 556 item
1047 496 1080 555 et
1094 508 1186 570 quam
1198 509 1283 558 rarae
1303 495 1416 561 addunt
1430 515 1463 562 se
1476 501 1604 566 comites

377 594 504 658 facilitas
518 603 550 658 et
564 596 731 659 clementini
747 591 863 672 quaudo
877 597 908 653 et
923 591 1031 653 illustri
1046 595 1078 653 et
1093 591 1224 652 obscuro
1237 592 1304 654 loco
1319 594 1379 655 nati
1394 597 1554 674 promiscui
1565 599 1605 661 ad

376 806 511 854 manum:
525 806 579 850 nec
594 789 744 850 tenuiores
759 783 933 863 proceribus
947 779 1099 844 lor'tunam
1111 782 1255 860 invident,
1268 801 1321 845 nec
1335 802 1475 864 proceres
1490 790 1606 854 tennio-

376 886 463 948 ribus
479 886 666 964 impertitum
680 884 883 961 dedignantur
901 882 1043 943 bonorem
1059 899 1066 938 ι
1084 882 1125 941 ita
1140 897 1243 944 omues
1260 881 1422 944 incredibili
1438 889 1488 946 lua
1501 887 1607 963 expies

378 981 574 1058 benignitate.
590 978 702 1056 Cuique
715 979 753 1039 ad
767 983 799 1038 te
814 980 972 1057 penetrare
987 975 1069 1054 licet,
1083 976 1155 1038 dum
1169 977 1250 1038 velit:
1267 995 1369 1041 omues
1383 984 1434 1041 lua
1449 975 1608 1047 clementia

381 1078 527 1140 admittit:
546 1082 598 1138 tua
612 1076 776 1138 innocentis
790 1073 940 1136 securitas
955 1073 1115 1135 submovet
1129 1075 1285 1137 neminem.
1301 1074 1363 1136 Non
1379 1076 1499 1139 adeunti
1513 1080 1607 1141 dedu·

379 1181 447 1237 ctor
461 1174 651 1253 quaerendus
663 1177 723 1234 est:
739 1189 796 1234 non
808 1170 1032 1234 commendator
1043 1172 1188 1248 precanti:
1201 1189 1257 1234 non
1268 1172 1439 1251 deprecanti
1449 1179 1604 1253 patronus.

380 1274 578 1347 Quamobrem
595 1273 669 1333 Aula
684 1272 722 1333 ad
737 1271 780 1332 tui
794 1271 965 1349 exemplum
977 1269 1005 1330 in
1016 1286 1165 1334 summam
1180 1272 1395 1335 humanitatem
1406 1275 1605 1347 conformata,

381 1366 489 1443 facilis,
509 1367 550 1426 ita
564 1365 713 1427 universis
727 1368 826 1445 patet,
838 1369 873 1425 ut
887 1363 955 1441 tibi,
971 1381 990 1423 o
1004 1363 1068 1426 ilex
1082 1364 1330 1442 clementissime,
1345 1367 1396 1444 qui
1411 1370 1499 1430 talem
1516 1370 1544 1431 in
1559 1387 1607 1432 re·

378 1477 439 1540 gno
453 1460 567 1538 patriae
594 1478 684 1523 curae
700 1460 925 1524 similitudinem
937 1462 1044 1539 refers,
1059 1466 1093 1522 ul
1104 1463 1211 1525 merito
1223 1462 1379 1525 Nationum
1391 1465 1544 1528 Parentem
1555 1484 1619 1546 ap·-

380 1554 492 1639 pellare
508 1558 539 1615 te
555 1554 653 1617 liceat.
669 1556 761 1632 Atqui
777 1561 857 1618 tuam
882 1555 970 1618 istam
987 1560 1102 1619 tantam
1123 1556 1401 1636 mansuetudinem,
1416 1564 1451 1620 ut
1466 1577 1532 1622 rara
1546 1601 1556 1637 ,
1572 1565 1609 1625 ut

382 1650 537 1729 praecium
553 1648 659 1710 invicta
675 1649 763 1711 animi
778 1654 811 1710 et
826 1650 919 1711 ardua
933 1651 1055 1713 celsitas
1070 1650 1197 1729 excipit,
1209 1667 1266 1728 qua
1282 1655 1389 1713 cuncta
1405 1653 1541 1714 sublimia
1557 1671 1609 1714 su·

381 1743 471 1826 peras
486 1788 495 1821 ,
526 1744 624 1807 omnia
648 1746 770 1808 excedis
782 1747 921 1809 excelsa!
936 1743 1040 1818 Quid?
1053 1749 1125 1809 tuus
1137 1747 1260 1807 itlemns
1271 1747 1478 1824 gravissimus,
1491 1753 1526 1810 ut
1537 1749 1611 1812 nibil

382 1846 501 1910 mireris
530 1847 682 1925 humana,
697 1863 794 1908 annon
810 1847 901 1910 idest
916 1847 1182 1926 expressissimum
1204 1847 1308 1910 vultus
1329 1845 1500 1924 Sapientiae
1521 1850 1611 1912 linea·

298 1993 302 2000 .
323 1975 325 1978 ·
382 1938 543 2007 mentum?
556 1944 581 2006 Ο
596 1961 686 2022 quam
706 1945 892 2008 admirabilis
908 1948 937 2007 in
954 1951 985 2007 te
1001 1950 1051 2007 est
1065 1927 1161 2008 nauus
1174 1949 1206 2006 et
1219 1943 1324 2007 catena
1345 1945 1515 2009 virtutuml
1530 1947 1613 2009 Nihil

384 2059 550 2122 magnum,
567 2042 639 2104 nibil
655 2060 764 2105 noriam
779 2087 787 2114 ,
803 2043 874 2106 nibil
896 2043 1013 2124 insigne
1036 2047 1067 2105 te
1088 2040 1250 2123 percellit,
1267 2040 1347 2119 quod
1362 2047 1469 2104 cuncta
1490 2043 1614 2106 sublimi
1633 2050 1648 2120 ᾗ

384 2140 482 2203 animo
497 2140 752 2222 magnificentiora
769 2143 969 2222 praeveneris.
987 2139 1047 2204 Sed
1062 2159 1118 2203 uec
1132 2158 1179 2215 en,
1192 2157 1270 2217 quae
1282 2143 1397 2216 protua
1413 2158 1469 2201 nnn
1484 2141 1611 2203 suntdi·

383 2237 521 2315 gnitate,
540 2239 616 2298 forte
632 2234 746 2298 fastidis
761 2281 770 2310 ,
785 2242 839 2299 aut
853 2237 1000 2317 despicis:
1017 2234 1089 2313 quin
1106 2251 1160 2313 pro
1176 2239 1246 2296 tuae
1267 2231 1479 2312 magnitudinis
1499 2234 1611 2308 modo,

384 2348 463 2408 quae
477 2334 508 2392 te
522 2347 580 2392 non
594 2329 681 2409 digna
700 2336 770 2392 sunt
786 2376 795 2408 ,
811 2332 892 2393 soles
907 2337 958 2392 tua
975 2331 1147 2408 dignatione
1172 2328 1307 2406 dignare.
1322 2328 1400 2400 Quid
1414 2329 1439 2388 si
1453 2328 1533 2405 quod
1548 2345 1613 2388 am·

385 2423 551 2501 piissimum
566 2440 599 2484 cs
613 2425 740 2503 adeptus
756 2427 913 2504 imperium
927 2466 937 2498 ,
953 2425 1028 2484 infra
1044 2428 1073 2485 tc
1090 2419 1205 2500 putes?
1222 2422 1292 2482 llam
1309 2421 1379 2498 quid
1395 2423 1473 2485 aliud
1488 2423 1545 2485 sibi
1559 2440 1614 2483 vo·

385 2517 451 2579 lunt
467 2517 513 2578 illa
528 2520 621 2580 maris
636 2537 713 2596 quae
727 2520 812 2582 subis
827 2517 973 2597 pericula?
988 2519 1035 2578 illa
1051 2515 1259 2594 navigationis,
1274 2531 1350 2592 quae
1365 2513 1490 2592 perfers,
1502 2516 1613 2578 incom-

385 2607 493 2676 moda?
505 2615 613 2679 durum
627 2605 719 2691 vitae,
736 2617 816 2694 quod
834 2617 977 2693 instituis,
991 2631 1087 2694 genus
1101 2615 1127 2674 in
1139 2614 1360 2676 castrileerte
1371 2629 1426 2672 nnn
1438 2613 1519 2675 aliud
1531 2614 1614 2675 evin·

384 2714 469 2787 cunt,
485 2728 573 2789 quam
587 2717 669 2791 quod
684 2733 742 2776 non
758 2719 816 2776 tam
833 2715 993 2792 pulchrum
1009 2712 1061 2773 tibi
1078 2712 1131 2787 sit,
1149 2713 1176 2772 in
1194 2708 1320 2789 imperio
1333 2712 1444 2786 vivere,
1457 2726 1547 2787 quam
1560 2727 1614 2787 pro

387 2801 502 2881 imperii
518 2806 614 2879 salute
629 2807 708 2885 pati:
725 2809 757 2867 et
771 2823 904 2868 summae
919 2823 1020 2868 rerum
1039 2801 1191 2882 praeesse,
1210 2805 1396 2882 humanum3
1413 2803 1615 2880 perturbatic·

387 2911 457 2955 num
474 2913 601 2975 regnum
615 2899 740 2978 agitare,
754 2899 889 2960 divinum
902 2903 1005 2978 putes.
1019 2893 1075 2959 Sed
1089 2896 1157 2974 quis
1171 2914 1225 2974 par
1234 2899 1292 2972 est,
1309 2900 1343 2957 ut
1354 2914 1408 2975 pro
1420 2896 1527 2957 merito
1536 2896 1617 2958 dieat

384 2997 498 3072 quauta
513 2997 583 3058 insit
598 2997 627 3059 iu
641 2999 701 3059 tuis
716 2998 871 3077 rescriptis
884 2994 1029 3077 justitia?
1044 2997 1073 3058 in
1087 2994 1219 3060 consiliis
1234 2992 1420 3075 prudentia?
1436 2995 1464 3057 iu
1480 3011 1617 3055 sermone

314 3132 317 3137 -
386 3091 518 3169 gravitas
534 3133 543 3165 ,
558 3096 613 3169 et,
630 3093 708 3170 quod
731 3092 827 3173 magis
847 3098 919 3171 est,
938 3093 965 3154 in
989 3093 1052 3172 ipso
1077 3092 1185 3154 aetatis
1206 3089 1278 3153 flore
1299 3086 1617 3152 consummatissima?

323 3236 326 3241 .
389 3189 517 3263 thuam
533 3189 625 3252 falsos
639 3192 759 3271 experti
774 3210 880 3254 sumus
906 3189 1117 3274 philosophos,
1135 3190 1229 3267 quiin
1244 3189 1369 3269 juventa
1385 3189 1478 3252 solam
1494 3189 1617 3253 virtutis

385 3284 512 3344 indolem
528 3286 640 3347 laudari
656 3305 744 3366 posse
760 3289 989 3349 existimarunt!
1005 3287 1181 3349 Hominibus
1194 3287 1314 3363 quidem
1329 3287 1419 3364 vulgo
1434 3303 1503 3348 sera
1517 3287 1617 3348 virtus

387 3378 468 3437 venit
482 3417 491 3451 ,
509 3382 544 3439 ut
558 3381 668 3457 quibus
682 3398 722 3443 ex
737 3384 876 3459 graviore
890 3384 954 3445 luto
969 3387 1078 3444 natura
1092 3381 1176 3444 tinxit
1189 3380 1326 3442 vehicula
1341 3381 1461 3444 virtutis
1476 3398 1615 3460 praecor·

386 3470 447 3531 diat
465 3471 516 3533 tibi
533 3490 615 3548 vero,
634 3475 686 3552 qui
701 3477 739 3537 ab
752 3478 834 3538 caclo
847 3477 932 3539 ducis
946 3477 1112 3556 originem,
1128 3494 1167 3538 ex
1182 3476 1347 3556 purissimo
1358 3476 1615 3554 mobilissimoque

392 3566 518 3626 aethere
533 3567 741 3631 conformavit:
759 3572 799 3630 ita
816 3575 848 3631 ut
864 3588 923 3633 nou
933 3576 995 3633 tam
1010 3588 1102 3632 annos
1118 3571 1251 3648 praecoci
1264 3570 1411 3649 sapientia
1427 3576 1612 3649 praevertas,

389 3674 480 3734 quam
496 3667 642 3723 maturam
658 3663 800 3725 virtutem
815 3665 1002 3727 velocissimo
1011 3666 1163 3728 comiteris
1172 3665 1301 3744 ingenio.
1313 3666 1338 3728 Ο
1349 3683 1450 3727 rerum
1463 3671 1619 3743 gestarum

388 3755 563 3835 scriptores,
580 3775 659 3836 quac
673 3760 757 3822 vobis
769 3761 921 3839 praeclara
932 3765 965 3824 et
975 3761 1074 3841 ampla
1085 3760 1165 3840 pacis
1179 3758 1311 3837 bellique
1320 3766 1497 3840 argumenta
1508 3760 1620 3837 Philip-

395 3870 452 3932 pus
467 3872 610 3933 processu
622 3858 732 3918 aetatis
747 3859 925 3938 praebebit,
940 3877 1029 3938 quern
1044 3863 1092 3920 tot
1105 3859 1209 3920 laudes
1224 3858 1263 3919 ab
1278 3858 1350 3919 viris
1363 3857 1477 3919 virtute
1491 3857 1619 3919 summis

391 3947 642 4029 affectatissimae,
660 3955 739 4016 ultro
754 3955 878 4017 vixdum
892 3955 978 4033 plene
993 3955 1137 4032 puberem
1160 3951 1371 4014 anteveniuntl
1385 3952 1447 4013 Hac
1462 3952 1555 4030 igitur
1568 3967 1620 4014 co·

391 4062 464 4107 rona
480 4048 623 4112 virtutum
639 4052 915 4128 gemmisconserta
930 4051 1122 4129 caelestibus,
1138 4051 1195 4112 boc
1211 4068 1226 4111 s
1241 4055 1354 4131 yrmalc
1373 4048 1561 4125 honestatis,
1578 4047 1624 4108 di·

390 4139 451 4198 vini
464 4142 536 4203 solis
552 4144 632 4222 picto
645 4145 807 4222 coloribus,
822 4147 998 4226 priusquam
1013 4146 1166 4224 regalibus
1177 4149 1316 4207 ornatum
1340 4143 1516 4222 insignibus,
1529 4147 1560 4203 te
1571 4156 1626 4202 nn·

389 4235 436 4297 bis
446 4242 637 4320 conspicuum
650 4243 873 4306 demonstrasti:
887 4263 923 4306 an
937 4245 965 4307 id
978 4249 1012 4306 ut
1023 4245 1201 4308 ostenderes
1209 4248 1241 4308 te
1253 4245 1383 4307 maximo
1397 4243 1519 4321 imperio
1531 4239 1623 4301 fuisse

393 4336 528 4414 dignum,
546 4342 705 4417 antequam
721 4341 910 4421 imperares?
926 4342 1030 4404 Nostra
1043 4347 1143 4406 aelate
1158 4342 1287 4404 minores
1301 4360 1341 4403 ex
1361 4341 1418 4401 boc
1441 4336 1623 4414 intelligite,

390 4439 518 4516 posteri,
534 4441 680 4513 quantum
695 4439 773 4502 inter
787 4431 954 4520 Philippum
968 4445 1001 4502 et
1013 4441 1152 4506 fannium
1169 4443 1192 4501 V
1208 4442 1340 4518 aliosque
1356 4441 1476 4499 nostros
1491 4435 1624 4513 optimos

396 4529 547 4606 Principes
562 4531 742 4596 interfuerit:
760 4535 904 4613 siquidem
920 4536 938 4594 ii
952 4537 1058 4598 urbem
1073 4537 1225 4616 Neapolim
1239 4553 1295 4596 non
1308 4533 1390 4612 prius
1403 4529 1527 4608 ingressi
1539 4532 1622 4607 sunt,

390 4623 445 4683 nisi
461 4623 604 4687 instructa
620 4628 780 4706 majestate
797 4630 965 4711 venerandi,
983 4636 1019 4693 ut
1036 4632 1179 4710 Principis
1195 4631 1300 4707 religio
1311 4629 1373 4689 suis
1384 4625 1510 4689 adderet
1523 4624 1619 4690 virtu.

389 4716 470 4777 tibus
482 4719 583 4781 dectus:
597 4721 651 4784 Hic
662 4723 802 4802 privatim
815 4724 888 4801 adit,
903 4732 935 4787 ut
947 4727 1011 4788 suis
1022 4727 1148 4788 bominis
1164 4725 1339 4801 virtutibus,
1353 4724 1499 4802 Principis
1511 4729 1623 4803 augeat

394 4813 578 4889 dignitatem.
596 4818 702 4899 Ecquis
715 4840 786 4886 sanc
797 4821 909 4884 referat
922 4824 1079 4888 hesternae
1089 4822 1147 4886 diei
1158 4822 1327 4900 candorem,
1340 4820 1452 4902 lumen,
1465 4819 1622 4903 laetitiam,
