3942 5592
446 449 504 514 tlt

407 555 531 634 dicere,
547 553 728 636 profundere
741 553 894 619 ridearis:
910 570 978 618 nam
994 556 1029 618 nt
1044 553 1181 620 fortunae
1204 555 1340 621 aduersis
1360 572 1528 638 commas,
1544 561 1627 643 leges

407 656 540 717 relaxas:
557 658 591 715 ut
605 653 805 718 conscientiae
819 654 901 716 labes
913 653 1028 729 deleas,
1041 653 1138 716 lasces
1152 653 1307 716 dissolvis:
1321 660 1357 716 ut
1369 655 1525 721 laetiorem
1541 677 1630 740 agro·

406 765 472 810 rum
487 747 577 810 lanias
588 751 717 822 cultum,
731 746 835 809 fiscum
848 745 1008 809 deminuis:
1020 750 1054 807 ut
1064 746 1145 808 domi
1155 748 1274 809 abunde
1284 748 1345 808 siut
1358 751 1525 812 necessaria
1536 751 1625 832 uitae,

401 845 536 906 militare
550 843 699 912 aerarium
715 848 878 905 attenuas:
895 847 928 904 ut
939 842 1011 904 loris
1025 844 1064 904 ad
1079 844 1222 904 uirtutem
1243 844 1354 905 milltes
1374 845 1570 922 excitentur,
1588 847 1627 908 iis

406 941 437 997 te
448 934 546 1014 ipsum
561 935 666 997 donas.
680 937 786 1013 ltaque
808 936 907 996 omnia
921 938 953 994 te
966 935 1085 1012 optimo
1099 935 1202 1014 plena.
1217 934 1327 997 Terrae
1339 935 1523 1016 defatigatae
1540 938 1601 1016 jam
1615 982 1625 1013 ,

402 1030 539 1094 alteratis
555 1033 690 1106 hibutis,
705 1032 745 1093 ab
757 1037 863 1101 aratro=
874 1032 1048 1109 quiescunt:
1062 1035 1093 1092 et
1107 1033 1198 1094 boues
1208 1049 1262 1110 per
1273 1037 1362 1111 prata
1376 1035 1477 1111 palare
1490 1035 1625 1114 sejugas,

402 1131 434 1189 et
447 1129 553 1204 sponte
564 1125 682 1187 telluris
696 1124 849 1187 luxuriare
859 1129 980 1204 segetes
991 1125 1050 1187 sub
1062 1125 1466 1204 umhmspectatdesidiosus
1478 1129 1622 1206 agricola.

400 1222 431 1283 ln
449 1221 532 1282 tenui
546 1224 698 1302 cujusque
713 1224 787 1299 lare,
803 1223 937 1284 relaxata
951 1238 1078 1296 annona,
1095 1222 1181 1299 pueri
1196 1223 1310 1283 circum
1328 1226 1470 1300 parentes
1490 1225 1623 1285 cariores

401 1319 474 1380 dant
488 1320 594 1397 jocos,
612 1315 765 1394 laetaeque
779 1317 897 1379 Cereris
911 1317 988 1379 dona
1005 1317 1123 1377 ludunt.
1141 1315 1207 1377 Tuo
1226 1316 1371 1378 beneficio
1392 1317 1519 1381 deuincti
1544 1318 1626 1384 noxii

402 1410 636 1473 innocentiorem
652 1407 775 1471 induunt
790 1415 934 1472 mentem:
951 1427 1022 1471 aere
1037 1410 1141 1486 diruti,
1155 1410 1260 1472 luxutn
1274 1415 1405 1484 eruunt,
1418 1414 1449 1471 et
1459 1411 1617 1472 desidiam:

296 1503 299 1513 '
401 1506 513 1566 milites
526 1502 571 1562 tui
586 1502 724 1563 custodia
738 1505 930 1583 superbiunt:
947 1503 1054 1582 pagani
1069 1508 1122 1563 tua
1135 1503 1428 1580 magnificentiorem
1443 1505 1618 1566 cumulant:

403 1619 487 1667 sacra
502 1607 554 1663 tna
568 1598 711 1678 religione
734 1601 888 1682 gaudent:
907 1604 952 1663 tui
967 1601 1080 1663 laetitia
1104 1601 1231 1680 prolana
1246 1603 1406 1679 gestiunt:
1422 1602 1556 1679 priuatae
1570 1619 1620 1663 res

266 1705 270 1713 '
289 1718 293 1730 ¹
401 1700 454 1759 tua
469 1689 640 1776 praesentia
655 1696 878 1771 instaurantur,
894 1700 949 1756 tua
968 1695 1154 1755 auctoritate
1169 1695 1307 1772 publicae
1323 1693 1549 1772 confirmantur.
1569 1695 1625 1757 Ec·

398 1809 458 1872 qua
472 1787 604 1873 unquam
621 1799 668 1859 uia
683 1800 766 1856 tuam
780 1794 809 1855 in
826 1809 880 1854 nos
897 1791 1125 1853 beneficentiam
1150 1790 1308 1854 occludisl
1325 1791 1388 1851 Tuo
1402 1796 1534 1870 augusto
1546 1809 1628 1872 spe·-

358 1887 363 1896 “
396 1890 516 1951 ctaculo
531 1894 633 1953 ocutos
649 1905 779 1951 recreas:
794 1887 855 1948 tuis
870 1886 1013 1948 laudibus
1026 1901 1116 1946 aures
1128 1885 1309 1964 permulces:
1324 1889 1376 1946 tua
1389 1885 1540 1947 hilaritate
1551 1901 1620 1946 cor-

399 2000 472 2062 pora
485 1986 595 2050 relisis:
612 1988 674 2050 tuis
687 1985 832 2064 exemplis
844 1984 888 2046 ad
898 1985 1027 2047 uirtutes
1040 1982 1154 2043 excitas
1168 1984 1294 2045 animos.
1308 1982 1492 2062 llajestalem
1504 1982 1567 2044 huc
1579 1983 1624 2044 iu·

397 2077 510 2153 tulisti,
525 2085 556 2141 et
569 2082 641 2142 urbs
654 2080 815 2158 angustior
842 2079 918 2139 tacta
933 2079 993 2139 est:
1010 2074 1242 2151 humanitatem,
1258 2074 1447 2136 clementiam
1461 2115 1471 2149 ,
1486 2073 1621 2152 probita-

395 2175 457 2233 tem
471 2171 514 2233 adr
525 2189 579 2235 nos
593 2173 764 2251 importasti
779 2212 788 2246 ,
804 2175 836 2232 et
851 2171 957 2233 ciuitas
979 2172 1095 2233 beatim
1110 2172 1216 2230 erosit:
1233 2171 1447 2231 delectarere:
1462 2168 1563 2229 indole
1576 2168 1619 2230 ci·

393 2261 489 2341 vitun,
503 2266 677 2344 generosior
691 2262 814 2343 prodiit:
830 2262 982 2342 Neapolim
999 2267 1030 2325 te
1044 2264 1168 2343 diguam
1178 2263 1306 2342 putasti,
1320 2265 1352 2324 et
1365 2262 1396 2323 in
1406 2261 1520 2342 regiam
1534 2263 1618 2328 orbis

393 2362 543 2419 terrorem
554 2359 632 2420 abiit
642 2357 885 2419 celeberrimam.

428 2449 491 2521 Qua
501 2451 689 2530 igiturdigna
698 2451 811 2511 ratione
820 2453 882 2517 hm
896 2447 1131 2528 expositae,lam
1144 2449 1328 2524 ohuiae,tam
1335 2452 1517 2518 honorificae
1528 2455 1617 2521 boue·

265 2521 266 2524 ¹
390 2539 686 2619 licentiae,quantum
701 2546 749 2602 est
763 2543 939 2618 meritorum
953 2545 1270 2614 momentum,tantum
1277 2541 1429 2620 possimus
1439 2563 1530 2626 agere
1539 2564 1610 2626 gra·

389 2631 517 2696 tiorum?
530 2636 619 2696 herle
634 2635 663 2696 in
677 2652 714 2696 eo
728 2639 761 2695 te
774 2634 906 2712 t'astigio,
921 2631 1069 2712 Philippo,
1080 2633 1161 2694 Deus
1172 2633 1312 2713 Optimus
1323 2636 1471 2702 llaximus
1481 2641 1609 2702 colloca·

393 2732 448 2810 uit,
465 2737 500 2793 ut
514 2733 626 2794 reterre
639 2738 755 2815 grates,
774 2735 800 2793 si
814 2732 878 2794 lieri
893 2736 1010 2812 posset,
1027 2731 1154 2811 idipsum
1167 2726 1333 2811 'superbum
1347 2735 1390 2797 sit
1402 2741 1435 2799 et
1446 2738 1606 2818 ingratum.

390 2821 467 2887 Saue
484 2826 512 2886 id
534 2830 583 2888 est
603 2829 674 2889 tuae
697 2827 887 2888 liberalitatis
913 2826 1068 2903 pretium,
1087 2830 1120 2885 ut
1134 2842 1204 2887 cum
1220 2827 1247 2888 in
1262 2838 1339 2903 qnos
1359 2845 1425 2889 eam
1446 2831 1606 2908 coul'eras,

389 2934 510 2999 semper
523 2919 604 2998 apud
628 2922 748 2982 eosdem
765 2921 858 2982 solida
879 2915 1059 2998 integraque
1075 2921 1114 2980 sit
1134 2921 1254 2999 gratia,
1269 2938 1334 2982 mm
1350 2921 1404 2981 tibi
1418 2938 1509 3002 agere
1519 2923 1609 3004 juxta

337 3066 339 3070 ,
388 3014 429 3072 sit
441 3032 477 3075 ao
488 3014 614 3076 dehere.
632 3016 725 3095 igitur
738 3016 858 3092 quando
883 3017 991 3094 gratiis
1016 3014 1182 3081 referendis
1196 3032 1268 3092 opes
1282 3055 1292 3089 ,
1308 3016 1432 3094 agendis
1449 3018 1538 3078 uerba
1552 3034 1611 3078 non

386 3112 563 3185 suppetunt,
581 3110 684 3169 saltem
701 3112 801 3169 noune
814 3107 1028 3168 heneticiuruui
1044 3109 1116 3167 urolt
1135 3124 1189 3182 par
1206 3111 1291 3168 esset
1306 3109 1394 3168 uobis
1410 3109 1536 3169 uastitas
1547 3111 1615 3169 aui·

386 3218 515 3279 murum,
534 3209 568 3264 ut
581 3218 737 3282 possemus
752 3203 890 3264 habendo
905 3204 1074 3279 concipere.
1091 3200 1189 3274 llihllo
1220 3207 1320 3262 marren
1345 3203 1446 3263 miuus
1459 3203 1484 3262 si
1498 3219 1559 3265 unu
1574 3206 1610 3264 ut

385 3296 484 3375 derret,
500 3301 531 3359 at
546 3299 590 3357 uti
604 3298 698 3374 licet,
716 3297 742 3356 si
756 3315 815 3357 uun
830 3311 869 3357 ex
882 3298 993 3355 :nerito
1008 3296 1138 3374 dignus,
1155 3299 1188 3354 ut
1201 3312 1256 3374 pro
1271 3297 1376 3356 ellicio
1390 3312 1478 3357 ueras
1492 3298 1610 3380 agimus

383 3398 486 3472 grates
497 3395 592 3472 robis,
603 3397 805 3457 sanctissimae
818 3398 910 3472 leges,
923 3409 1001 3471 qnae
1013 3393 1204 3471 Hispanicum
1216 3394 1257 3454 ita
1269 3392 1418 3454 laudastis
1431 3394 1609 3472 imperium,

301 3538 304 3543 .
385 3493 420 3549 ut
432 3503 594 3570 regnorum
610 3491 831 3555 successionem
846 3491 954 3550 natura
968 3486 1154 3566 dirigeretis:
1170 3494 1273 3566 grates
1288 3488 1366 3562 tihi,
1383 3493 1505 3566 recepta
1518 3489 1606 3549 caelo

382 3599 478 3662 ment,
494 3584 597 3646 carole
611 3579 776 3661 ll,qui'tuu
790 3599 931 3659 supremo
945 3583 1044 3660 elogio
1059 3599 1148 3657 quem
1163 3598 1325 3660 reginorum
1343 3579 1413 3659 jura
1427 3584 1466 3641 ad
1479 3599 1604 3643 sueces-

380 3680 495 3743 sionem
510 3682 667 3757 uocabant,
685 3699 757 3744 eum
774 3685 826 3742 tua
839 3680 1045 3760 designatione
1059 3681 1229 3741 accersisti:
1244 3684 1346 3758 grates
1360 3686 1428 3740 tuae
1443 3677 1599 3741 loecundl·

382 3782 459 3856 tati,
475 3780 539 3856 jam
553 3781 632 3842 inter
645 3781 744 3842 sidem
756 3781 865 3842 allecta
878 3821 888 3857 ,
902 3781 998 3844 llario
1012 3785 1094 3842 huna
1108 3778 1273 3854 Clrristina,
1296 3795 1374 3855 quae
1395 3783 1427 3840 et
1438 3778 1600 3857 Hispanico

381 3881 413 3938 et
425 3876 537 3938 Gallico
550 3877 675 3955 imperio
689 3878 775 3957 regni
794 3877 930 3939 subsidia
947 3874 1080 3954 parasti:
1096 3877 1200 3953 grates
1215 3874 1270 3934 tibi
1286 3912 1295 3948 ,
1313 3873 1459 3934 ludovice
1473 3871 1601 3950 llague,

379 3979 430 4053 qui
445 3974 617 4055 Philippum
637 3993 802 4056 agnoscere
822 3978 1043 4038 successionem
1059 3974 1211 4048 uolueris,
1229 3973 1280 4036 illo
1293 3974 1432 4033 uniuerso
1449 3974 1603 4034 horarum

382 4071 587 4134 orbi-salutari
605 4073 690 4153 jussu
705 4118 714 4151 ,
728 4090 790 4153 quo
805 4074 920 4135 indoles
945 4073 1026 4135 uisus
1038 4089 1071 4134 es
1084 4075 1288 4133 commutasse
1309 4069 1473 4131 uirtutum:
1488 4073 1520 4131 et
1532 4083 1605 4130 cum

380 4169 542 4230 maximam
557 4172 707 4234 Borhonio
722 4174 844 4238 homino
859 4171 1063 4234 Monarchiam
1079 4169 1275 4250 quaesivisti,
1292 4172 1358 4229 tum
1371 4167 1536 4229 maximum
1550 4165 1606 4227 de·

384 4257 455 4317 disti
472 4260 682 4326 moderationis
696 4266 866 4346 exemplum
883 4285 891 4326 :
909 4269 1019 4345 grates
1033 4264 1162 4342 denique
1179 4262 1233 4324 tihi
1247 4302 1257 4338 ,
1272 4258 1388 4340 Regum
1400 4260 1490 4321 dator
1502 4301 1513 4336 ,
1527 4261 1609 4322 Deus

380 4354 523 4431 optimus
539 4357 698 4437 blasimus,
715 4362 766 4439 qui
782 4362 824 4423 ita
840 4377 1005 4441 regnorum
1020 4362 1100 4422 uices
1115 4360 1154 4422 ab
1167 4363 1307 4421 anteacta
1326 4362 1500 4434 temporum
1513 4361 1615 4418 aeter·

380 4448 474 4508 nitate
488 4452 569 4530 tegis
584 4470 619 4515 ac
635 4459 797 4533 temperas,
815 4460 852 4518 ut
865 4456 956 4516 hodie
971 4471 1026 4533 per
1043 4459 1074 4515 te
1089 4455 1245 4533 Philippus
1258 4456 1411 4529 regnaret.
1427 4450 1540 4512 Dedisti
1554 4451 1617 4513 lle-

376 4557 456 4624 gem,
473 4565 579 4628 regno,
593 4553 725 4616 omnium
743 4556 838 4631 salus,
858 4569 1020 4619 conserua.
1040 4554 1154 4617 Parasti
1170 4571 1296 4634 regnum
1311 4552 1397 4631 Regi:
1410 4549 1532 4614 lortuna
1547 4551 1615 4615 bel·

379 4641 475 4706 lorum
491 4689 500 4725 ,
516 4648 626 4725 aspira.
645 4648 807 4713 tlaximum
847 4651 1009 4732 imperium
1034 4654 1161 4716 serrasti
1175 4696 1184 4731 ,
1197 4652 1351 4733 Optimum
1364 4652 1476 4732 Regem
1500 4652 1614 4731 legisti.

378 4741 574 4804 aeternitatis
592 4743 712 4822 terens,
729 4751 860 4811 aelerna.
