3942 5592
379 594 571 660 diffunderet.
584 593 702 669 Quanta
721 587 821 670 ergo?
840 603 898 650 non
913 601 1002 664 queo,
1017 585 1184 667 auditores,
1202 592 1348 668 statuere,
1367 611 1421 656 nec
1440 595 1506 657 volo
1520 598 1605 660 dioe-

378 710 430 755 re:
445 690 603 754 tristitiam
627 684 758 751 uniuersi
783 683 899 761 imperii
916 684 999 742 tanta
1014 681 1137 742 Patrona
1161 683 1259 744 orbati
1285 686 1362 746 malo
1377 688 1459 751 robis
1480 690 1601 752 silentio

350 838 354 847 .
377 788 593 868 conjiciendum
614 784 795 862 relinquere,
813 796 904 859 quam
923 779 1060 840 oratione
1083 779 1266 842 imminutam
1290 784 1452 862 explicare.
1468 787 1531 849 lam
1549 805 1599 850 co-

379 883 541 964 gnovistis,
557 881 647 944 credo
660 877 812 956 equidem,
825 874 1014 935 Catharioam
1030 875 1206 952 dragoniam
1220 879 1300 936 tanta
1313 880 1495 942 cumulatam
1510 879 1602 960 justi-

378 978 434 1057 tia,
462 979 500 1039 ut
514 992 571 1037 non
582 973 653 1050 sibi,
670 971 722 1033 sed
737 971 798 1031 lieo
822 986 857 1030 ac
871 969 997 1047 egenis,
1015 984 1072 1030 non
1088 969 1162 1043 suis,
1178 969 1231 1030 sed
1254 969 1436 1048 reipublicae
1460 993 1494 1036 ac
1510 977 1595 1038 bunis
1618 1002 1626 1010 ·

379 1075 523 1137 omnibus
538 1076 608 1135 nata
623 1070 786 1132 rideretur.
798 1067 900 1146 ltaque
911 1065 1057 1127 bonorum
1072 1065 1216 1144 omnium,
1226 1068 1334 1144 quihus
1345 1074 1436 1129 erata
1450 1088 1592 1149 prospera

381 1164 563 1241 {lorentique
586 1162 718 1233 torinna,
734 1175 792 1220 non
817 1160 853 1217 ad
874 1158 1001 1219 aliorum
1022 1157 1191 1237 exemplum
1213 1165 1408 1238 exaggerata,
1424 1179 1512 1240 quarn
1537 1165 1595 1226 sibi

379 1267 500 1342 partem
515 1260 662 1336 reliquam
676 1255 782 1317 iecisse
799 1252 936 1333 putatis?
948 1260 1007 1314 but
1024 1257 1146 1332 nullam,
1163 1260 1215 1316 aut
1226 1274 1301 1335 pene
1314 1259 1437 1333 nullam,
1455 1277 1507 1321 ros
1522 1263 1595 1324 mibi

379 1359 486 1420 uideor
501 1356 586 1418 udire
600 1368 810 1432 responsuros.
825 1353 850 1412 0
867 1351 976 1413 lactum
991 1351 1088 1412 benet
1102 1351 1180 1428 quod
1196 1353 1223 1412 in
1240 1356 1342 1414 nostra
1355 1353 1483 1417 Heroina
1499 1358 1594 1420 virtu·

379 1458 428 1520 les
442 1458 485 1518 ita
500 1455 581 1517 inter
594 1470 662 1515 sese
676 1452 831 1531 copulatae
846 1455 916 1511 sunt
927 1453 958 1509 et
969 1467 1132 1524 connexae,
1147 1455 1181 1510 ut
1195 1451 1250 1511 alia
1265 1453 1302 1514 ab
1316 1452 1371 1514 alia
1386 1455 1521 1533 separari
1537 1474 1594 1517 non

383 1549 494 1630 possit:
508 1546 747 1626 quandoquidem
763 1559 894 1606 summae
909 1544 986 1604 iltius
1001 1544 1135 1619 justitiae
1149 1561 1246 1622 aeque
1260 1563 1374 1608 summa
1390 1550 1478 1610 animi
1493 1550 1594 1615 mode·

377 1650 459 1711 ratio
481 1664 515 1709 se
528 1644 675 1708 addiderit
689 1643 840 1704 comitem.
867 1645 965 1718 bique
979 1642 1055 1702 banc
1068 1642 1187 1719 quidem
1204 1659 1241 1703 eo
1256 1644 1399 1719 majorem
1413 1646 1442 1706 in
1462 1645 1524 1724 ipsa
1549 1665 1601 1710 su·

376 1744 552 1825 spiciamus,
564 1759 625 1821 quo
637 1737 750 1821 majora
763 1739 892 1798 Naturae
906 1739 982 1801 bona
998 1754 1032 1798 ac
1043 1744 1213 1800 ornamenta
1230 1741 1377 1802 Fortunae
1392 1742 1526 1803 admirati
1542 1760 1591 1807 su·

378 1839 537 1918 mus.Quo
550 1836 629 1897 enim
643 1834 671 1894 in
684 1833 877 1893 excelsiorem
891 1848 924 1890 se
940 1832 1018 1891 tollit
1029 1833 1126 1893 locum
1139 1833 1274 1910 felicitas,
1287 1850 1324 1894 en
1336 1837 1363 1894 in
1375 1835 1509 1899 altiorem
1525 1856 1594 1916 per·

378 1937 460 1997 uenit
485 1933 599 2013 apicem
615 1927 703 2009 hujus
717 1928 836 1990 virtutis
853 1928 932 2002 laus,
949 1944 1018 1988 cum
1043 1927 1109 2006 rjus
1124 1931 1180 1989 boc
1194 1928 1246 1999 sit,
1261 1935 1294 1990 ut
1320 1931 1535 2009 difficillimum,
1554 1936 1595 1995 ita

378 2026 669 2106 praestantissimum
696 2039 817 2094 munus,
834 2024 868 2083 ut
882 2022 1057 2098 obsequenti
1085 2023 1217 2083 felicitati
1234 2024 1353 2085 niodum
1377 2025 1530 2089 adhibeat.
1556 2033 1592 2091 ut

375 2141 459 2198 sane,
475 2127 511 2182 ut
522 2121 550 2181 id
562 2121 708 2200 praestet,
723 2118 751 2177 in
764 2134 801 2179 eo
813 2121 894 2178 lotae
906 2118 999 2178 terme
1010 2124 1194 2196 occupantur
1206 2120 1379 2180 ancillantes
1395 2123 1433 2181 illi
1447 2123 1589 2201 virtutes,

375 2227 410 2284 ut
425 2218 633 2298 Temperantia
646 2215 818 2294 superbiam
831 2218 862 2274 et
878 2216 1093 2278 immanitatem
1107 2222 1221 2290 arceat,
1237 2222 1327 2294 atque
1344 2219 1517 2284 facilitatem
1529 2224 1594 2286 (lle-

375 2317 579 2392 mentiamque
605 2312 771 2372 contineat:
790 2309 935 2371 blodestia
958 2312 1160 2388 arrogantiam
1183 2314 1395 2389 libidinemque
1423 2318 1593 2393 probibeat,

374 2419 466 2495 alque
479 2409 660 2470 Comitalem
685 2411 714 2468 el
731 2405 911 2468 Pudicitiam
924 2410 1154 2484 complectatur.
1172 2414 1214 2469 dn
1242 2412 1422 2488 expectatis,
1440 2418 1471 2474 ul
1487 2431 1544 2492 ego
1558 2413 1596 2477 ab

377 2524 556 2587 unaquaque
569 2507 675 2566 barum
690 2503 836 2564 uirtutum
852 2505 990 2564 laudibus
1004 2522 1069 2565 eam
1085 2522 1239 2578 exornem,
1251 2524 1341 2584 quam
1352 2507 1489 2569 amissam
1505 2511 1593 2571 colla·

373 2602 573 2690 crymamur?
587 2603 696 2679 Nolite,
712 2619 764 2662 ros
779 2619 890 2682 quaeso
904 2604 1114 2681 obtestorque,
1130 2606 1222 2666 nolite
1240 2611 1352 2667 tantum
1369 2608 1444 2667 meis
1459 2610 1593 2670 humeris

373 2703 469 2783 impar
491 2715 569 2763 onos
592 2700 752 2776 imponere,
778 2713 813 2757 ac
827 2699 977 2774 patiamini
995 2700 1073 2776 ipsas
1095 2719 1143 2761 res
1157 2704 1260 2780 potius
1280 2703 1358 2761 omni
1375 2703 1535 2763 verborum
1559 2723 1594 2765 ac
1670 2702 1673 2707 ’

374 2794 595 2859 sententiarum
610 2794 717 2853 ornatu
731 2789 857 2850 nudatas
868 2792 1017 2870 accipere.
1032 2793 1188 2870 accipiatis
1201 2796 1311 2870 itaque.
1325 2794 1404 2855 Haec
1417 2796 1495 2856 illius
1507 2796 1594 2857 Tem·

374 2887 511 2968 perantia
538 2886 606 2957 suit,
623 2887 728 2944 utnon
745 2884 819 2944 recti
834 2886 923 2945 animi
939 2885 1069 2962 impetus
1094 2888 1200 2947 rationi
1217 2889 1408 2950 moderatrici
1432 2907 1488 2951 uon
1503 2893 1592 2952 modu

374 2987 430 3044 non
454 2983 641 3043 reluctantes
665 2977 834 3050 obedirent,
852 2981 902 3038 sed
921 2980 1119 3041 lubentissimi
1145 2982 1395 3058 obsequerentur.
1422 2983 1498 3045 llaec
1522 3001 1592 3044 reru

375 3075 524 3151 Facilitas,
543 3078 577 3132 ut
593 3072 657 3149 ipsa
682 3070 891 3146 amplitudine,
907 3089 996 3150 quatu
1018 3089 1136 3133 summo
1151 3072 1303 3151 dignitatis
1319 3074 1413 3150 gradu
1430 3075 1590 3148 retinebat,

374 3189 450 3249 quae
463 3171 604 3232 stimulos
619 3168 743 3230 invidiae
759 3169 920 3248 praecipue
935 3172 1088 3251 admouet,
1105 3172 1257 3256 bominum
1272 3172 1369 3232 studia
1384 3173 1419 3230 ad
1436 3173 1482 3230 sui
1499 3173 1589 3234 bene-

375 3270 536 3333 ruentium
560 3268 694 3328 alliceret
715 3272 748 3329 et
761 3269 920 3330 excitaret.
936 3270 1098 3331 Clementia
1111 3265 1269 3345 ejusmodi,
1284 3275 1317 3329 ut
1338 3270 1362 3329 si
1385 3270 1463 3331 torte
1477 3270 1587 3332 civium

376 3364 638 3444 tranquillitatem,
649 3363 763 3424 nonnisi
775 3364 877 3441 poenis
888 3366 915 3424 in
930 3365 1112 3425 facinorosos
1129 3365 1266 3441 irrogatis
1278 3380 1459 3425 conservare
1470 3369 1585 3442 posset,
1618 3429 1621 3434 ,

376 3462 402 3522 ei
422 3460 589 3536 Principem
614 3462 713 3517 natam
737 3475 804 3518 esse
824 3458 1004 3534 displiceret.
1021 3460 1099 3519 llaec
1124 3458 1279 3530 Modestia,
1298 3462 1332 3517 ut
1357 3474 1435 3534 quae
1465 3457 1590 3529 laceret,

375 3571 512 3634 quaeque
538 3553 662 3628 diceret,
680 3553 777 3613 omnia
793 3554 907 3627 ordine,
924 3556 1012 3614 modo
1033 3571 1067 3614 ac
1083 3554 1179 3630 specie
1196 3552 1322 3627 quadam
1347 3551 1460 3613 liberali
1476 3550 1586 3613 laceret

375 3652 562 3728 diceretque,
570 3641 679 3725 quibus
690 3649 867 3724 gravitatem
879 3666 947 3710 cum
959 3649 1143 3709 humanitate
1154 3647 1339 3719 conjunctam
1353 3649 1507 3708 retineret.
1516 3647 1593 3706 llaec

376 3764 444 3809 sero
456 3745 601 3817 Gemitus,
616 3749 648 3806 ut
663 3744 797 3822 homines
808 3764 874 3807 eam
888 3746 1046 3808 drimiaxat
1062 3747 1170 3808 uidisse
1185 3752 1215 3808 et
1229 3746 1424 3823 compellasse
1438 3762 1589 3805 summum

376 3843 629 3923 operaepretium
645 3843 784 3904 lacerent.
794 3844 933 3906 Pudicitia
943 3845 1067 3922 denique
1082 3844 1293 3921 ejusmodizsic
1304 3843 1387 3919 virgo
1401 3837 1592 3916 sitarndegil,

378 3945 408 4000 ut
418 3954 570 4016 uunquam
583 3937 690 4016 nuptui
704 3939 923 4000 secullocalum
939 3939 975 3999 iri
991 3941 1174 4017 putaret3sic
1190 3941 1293 4018 nupta,
1308 3940 1591 4011 utsempermurum

358 4049 361 4052 ⁴
379 4034 519 4114 uirginem
534 4033 704 4094 decentium
726 4048 842 4093 memor
855 4036 960 4109 esset3
977 4033 1020 4094 sic
1033 4032 1216 4109 amplissimo
1235 4030 1299 4089 niro
1312 4029 1429 4100 orbata,
1445 4030 1480 4088 ut
1491 4022 1594 4102 conju·

379 4132 451 4209 palis
462 4132 541 4191 ritae
552 4146 703 4207 nunquam
715 4132 907 4192 meminisset.
924 4134 1021 4208 atque
1036 4131 1115 4191 aliud
1126 4145 1217 4207 agens
1231 4127 1258 4186 in
1272 4126 1349 4185 illam
1364 4125 1508 4185 orationis
1523 4140 1592 4202 par·

378 4231 436 4290 lem
453 4228 555 4303 incidi,
570 4227 623 4288 ubi
637 4244 719 4290 eram
734 4231 772 4290 de
787 4230 843 4290 alia
860 4229 939 4289 illius
954 4233 1063 4306 uirtute
1079 4229 1210 4306 principe
1226 4229 1433 4285 tractaturus:
1451 4221 1589 4284 nimirum

376 4324 412 4386 tle
435 4325 602 4388 incredibili
617 4327 704 4386 animi
721 4326 741 4385 F
743 4326 920 4402 artitudine,
939 4343 998 4403 qua
1014 4329 1140 4385 mortem
1157 4340 1272 4392 eorum,
1288 4338 1365 4398 quos
1382 4319 1467 4380 unice
1482 4317 1592 4394 dilige·

378 4423 439 4498 bat,
457 4423 649 4500 reliquosque
666 4425 808 4483 bumanae
836 4421 913 4481 ritae
927 4436 1015 4482 casus
1029 4435 1137 4496 magno
1162 4421 1323 4495 erectoque
1338 4416 1435 4475 :inimo
1450 4412 1590 4472 tolerarit

377 4534 408 4579 ac
430 4519 510 4582 tulit.
526 4520 628 4595 Neque
649 4518 830 4595 conspiratio
851 4531 1073 4591 consensusque
1094 4514 1251 4588 virtutum,
1267 4513 1378 4589 quibus
1400 4513 1464 4569 erat
1480 4522 1592 4584 usque-

376 4627 492 4690 quaque
512 4613 636 4689 relerta,
650 4613 834 4690 patiebatur,
850 4629 927 4690 quae
949 4610 1087 4671 secundis
1102 4610 1193 4670 rebus
1207 4627 1223 4668 a
1239 4611 1405 4685 uoluptate,
1422 4621 1509 4665 caeca
1527 4604 1587 4660 uir-

379 4714 450 4772 tutis
462 4713 591 4787 inimica,
607 4713 683 4774 uicta
705 4719 837 4787 nonest,
850 4729 916 4774 eam
931 4710 1065 4772 adversis
1079 4726 1097 4770 a
1112 4711 1227 4782 dolore,
1246 4710 1334 4768 boste
1349 4705 1484 4783 ejusdem
1503 4718 1592 4778 aper-

377 4810 498 4887 tissimo,
515 4809 610 4890 lraugi
625 4811 750 4874 debere:
770 4812 861 4873 immo
875 4810 1067 4873 desiderabat
1083 4808 1183 4885 potius
1199 4811 1232 4867 ut
1248 4818 1364 4866 summa
1379 4804 1447 4879 ejus
1464 4802 1545 4860 esset
1561 4799 1589 4854 iu

442 4915 519 4974 Vrao.
541 4916 677 4987 Operooti.
1401 4907 1433 4957 tt
