3942 5592
602 600 745 677 Versibtts,
757 599 910 675 impariter
922 599 1040 672 tomen,
1056 601 1239 673 querimonia
1248 600 1399 673 primurm
1575 599 1613 657 '15

560 699 627 760 Posi
640 700 728 758 ctiam
741 693 858 755 incluso
869 695 912 755 est
924 694 985 751 ooli
999 695 1143 753 sententio
1157 708 1284 768 compos.

558 788 631 862 (iuis
641 791 735 847 tomen
745 790 869 863 ecipoos
882 781 979 860 elegos
992 786 1121 844 emiserit
1134 786 1249 862 unctor,

559 885 749 947 Grorttmntici
761 882 883 953 serloni,
895 881 924 938 et
936 877 1036 938 octos
1050 878 1105 938 seh
1114 881 1210 940 ewen
1224 880 1263 941 lis
1272 885 1325 941 esi.

591 978 799 1040 Archilochum
807 978 934 1054 proprio
946 973 1044 1034 rabies
1058 981 1187 1037 ormooit
1200 978 1305 1038 tando.

555 1074 642 1134 Hunc
655 1078 733 1136 socci
745 1087 846 1148 cepere
855 1071 974 1148 pedem,
989 1072 1175 1149 mandesque
1188 1070 1328 1133 cothurni
1330 1116 1338 1149 ,

550 1166 678 1224 Alternis
690 1167 791 1240 opium
805 1161 997 1238 sermonibus,
1007 1163 1035 1218 el
1042 1162 1205 1238 populares

557 1260 719 1318 Vincentem
731 1257 884 1330 strepitus,
899 1257 926 1312 et
939 1259 1042 1315 nolum
1056 1255 1142 1315 rebus
1150 1258 1284 1334 opendis.

394 1444 548 1501 naturaiiter
561 1441 672 1501 heroica
685 1439 776 1511 lingua
790 1444 818 1494 et
830 1438 984 1496 hexametro
998 1439 1137 1513 carmine,
1157 1441 1231 1513 quod
1251 1444 1371 1503 ontniutn
1391 1447 1609 1519 antiquissimum

393 1544 443 1607 est,
456 1544 483 1591 et
498 1535 638 1591 heroicum
652 1533 762 1603 dicitur,
776 1529 840 1601 quia
852 1529 968 1586 heroum
982 1536 1101 1601 tempore
1115 1530 1292 1604 celebratum,
1308 1535 1415 1592 locutos
1424 1553 1494 1594 esse.
1508 1538 1536 1595 ld
1546 1553 1609 1610 gra·

393 1631 457 1683 riter
469 1628 570 1684 evincit
583 1625 767 1699 antiquissima
781 1623 825 1680 illa
838 1625 1005 1681 Graecorum
1019 1624 1142 1698 traditio,
1163 1641 1233 1698 quae
1253 1636 1345 1685 narrat
1365 1631 1439 1702 ipsos
1457 1647 1473 1687 n
1493 1631 1611 1705 Pythone

391 1722 484 1777 misere
499 1721 638 1778 intestatos
652 1734 731 1790 opens
743 1715 870 1787 Apollinis
885 1716 1043 1787 implorasse
1057 1718 1141 1788 primo
1154 1719 1264 1777 heroico
1284 1737 1387 1796 versu,
1410 1738 1492 1795 quent
1512 1721 1607 1778 ludere

393 1809 578 1880 spondaieum,

734 2015 735 2018 Ἴ
798 1943 829 1997 r'ss
841 1948 933 2006 «naba,
943 1944 974 1998 r'so
984 1949 1073 2008 «mbr,
1088 1951 1118 1999 las
1129 1951 1220 2009 setin,

388 2107 473 2163 quum
486 2089 606 2163 Pythone
619 2085 722 2157 occiso,
738 2098 823 2156 quum
837 2080 950 2153 Apollini
965 2082 1059 2139 victori
1074 2084 1268 2158 acclamarent,
1283 2101 1348 2156 prae
1360 2086 1511 2142 exsultante
1526 2085 1600 2142 laeti·

388 2183 424 2235 tia
438 2177 603 2249 dactylicum
619 2170 755 2244 protulere
768 2195 789 2228 o
801 2171 826 2225 itt
841 2187 857 2225 o
871 2186 887 2225 o
901 2170 1049 2247 duplicato,
1070 2179 1098 2229 et
1110 2171 1255 2246 diptltongo
1273 2197 1319 2232 «ct
1341 2175 1424 2230 diviso
1444 2175 1469 2230 in
1489 2172 1606 2237 syllabas

386 2271 472 2326 duas:
490 2269 569 2322 cuius
585 2265 734 2320 traditionis
748 2263 813 2318 haec
829 2278 950 2319 ntansere
965 2264 1096 2337 vestigia,
1118 2272 1148 2320 ttt
1168 2281 1263 2320 versus
1283 2266 1438 2322 hexameter
1457 2283 1473 2323 a
1492 2266 1609 2341 Pythone

386 2362 477 2416 occiso
491 2357 601 2426 Pythius
615 2357 769 2424 diceretut3
785 2360 811 2409 et
824 2353 948 2409 omnibus
964 2354 1093 2424 sedibus,
1108 2364 1298 2428 praeterquam
1313 2356 1407 2413 ultima
1419 2397 1427 2428 ,
1440 2357 1544 2432 dactylo
1558 2374 1604 2414 ce-

386 2450 468 2508 deret.
490 2451 531 2504 Ett
552 2447 649 2520 quibus
669 2444 819 2502 dissertatio
839 2446 992 2500 communis
1013 2445 1057 2501 illa
1075 2449 1316 2519 grammaticorum
1330 2448 1419 2518 opinio
1432 2447 1606 2519 convellitur,

385 2552 439 2592 uno
453 2551 500 2592 ore
514 2533 717 2601 affirmantium,
732 2529 851 2602 linguam
865 2532 1000 2600 poeticam
1013 2534 1095 2589 luisse
1108 2550 1204 2606 prorsa
1216 2537 1334 2592 oratione
1348 2535 1535 2607 posteriorem.

424 2627 469 2682 ii.
490 2621 639 2682 Verstbns,
655 2620 815 2693 impariter
828 2619 945 2691 iunctis)
961 2622 1124 2678 hexametro
1137 2637 1233 2693 nempe
1246 2630 1272 2678 et
1281 2630 1459 2693 pentametro.

423 2719 469 2773 ll.
486 2718 620 2786 Eciqoos
633 2711 734 2784 elegos)
748 2711 863 2778 Tenues,
879 2709 1006 2785 humiles,
1021 2713 1067 2784 qui
1081 2712 1122 2768 stti
1137 2712 1279 2769 dissimiles
1292 2713 1449 2769 brevissimo
1461 2714 1605 2769 verborum

384 2806 486 2862 ambitu
500 2811 637 2872 cursitat,
651 2809 682 2856 nt
695 2803 848 2858 hexameter
862 2801 942 2858 brete
956 2801 1082 2856 orationis
1095 2803 1248 2858 membrum
1262 2803 1396 2857 contineat
1409 2842 1417 2871 ,
1437 2807 1605 2871 pentameter

384 2899 410 2952 in
425 2896 480 2952 duo
493 2893 618 2950 breviora
632 2891 714 2947 incisa
728 2890 857 2946 landatur
873 2910 878 2944 :
895 2905 965 2963 quae
978 2891 1067 2946 ontnia
1081 2906 1145 2947 sane
1155 2891 1252 2948 decent
1270 2892 1340 2947 duos
1359 2891 1447 2962 pusilli
1467 2892 1546 2947 animi
1566 2891 1604 2948 nl·

384 2991 482 3057 lecttts,
498 2985 631 3039 tristitiam
646 2982 836 3054 laetitiamque.
1503 2985 1506 2994 '

421 3084 466 3137 lii·
480 3077 597 3148 Itobies)
611 3079 678 3132 Nam
693 3091 740 3146 pes
754 3075 862 3130 iambus
875 3091 890 3129 a
902 3075 977 3131 brevi
991 3076 1093 3145 incipit,
1108 3077 1134 3130 in
1149 3076 1259 3148 longum
1273 3075 1378 3146 desinit,
1394 3074 1440 3145 qui
1456 3081 1546 3129 motus
1557 3080 1600 3130 est

382 3179 495 3228 naturae
509 3170 673 3243 contrarius,
688 3175 716 3224 et
727 3169 782 3224 itne
797 3168 934 3240 proprius,
950 3184 1019 3240 qnae
1035 3169 1105 3223 initio
1119 3170 1267 3237 concitata,
1282 3169 1309 3223 in
1319 3170 1370 3222 line
1383 3167 1545 3238 languescit.

420 3269 462 3320 80.
479 3266 568 3318 Hunc
580 3263 658 3327 socci
672 3275 771 3333 cepere
782 3259 896 3332 pedem)
910 3260 1065 3317 Comoedia.

415 3355 455 3411 lb
472 3351 662 3423 Gran-desque
675 3352 820 3422 cotlrnrnil
835 3352 995 3424 Tragoedia.
1011 3353 1064 3408 Sed
1078 3352 1216 3424 tragoedia
1231 3351 1308 3422 longe
1322 3352 1396 3421 prior
1405 3352 1545 3410 comoedia
1556 3368 1602 3408 nn·

384 3453 410 3502 ta
422 3450 483 3500 est:
500 3450 527 3498 et
542 3442 651 3514 quidem
664 3441 769 3496 iambus
783 3443 887 3514 tragico
902 3444 1017 3513 poemati
1031 3446 1167 3511 convenit,
1182 3443 1254 3514 quod
1267 3441 1429 3514 populorum
1444 3444 1512 3498 iram
1526 3443 1550 3497 in
1560 3453 1600 3516 ty·

384 3549 481 3590 monos
495 3532 566 3586 ciere
581 3529 668 3585 debet.
684 3529 737 3584 Sed
747 3544 864 3599 quonam
878 3537 958 3600 pacto
972 3529 1068 3587 deinde
1088 3530 1194 3586 iambus
1214 3530 1240 3584 in
1260 3529 1429 3584 comoediam
1450 3530 1596 3585 traductus

383 3630 431 3693 est,
446 3636 517 3691 quae
531 3618 637 3673 exbibet
650 3632 765 3684 amores,
782 3619 954 3672 amoenitates
968 3627 995 3674 ct
1009 3616 1104 3672 risus?
1118 3619 1157 3672 b'a·
1171 3623 1268 3673 Nonne
1280 3618 1428 3673 Scientine
1440 3616 1601 3689 Principiis

382 3708 493 3764 solvitur
505 3707 571 3762 baec
586 3702 750 3773 difficultas,
765 3703 838 3775 quod
853 3721 917 3761 cum
932 3706 1067 3778 tragoedra
1082 3706 1186 3759 intenta
1198 3712 1259 3775 est,
1280 3702 1352 3774 quod
1367 3703 1444 3775 longo
1460 3708 1520 3772 post
1535 3718 1601 3772 epo·

383 3800 487 3870 poetam
501 3797 609 3867 evenit,
625 3796 719 3852 Graeci
733 3795 825 3866 populi
840 3795 955 3850 iambico
969 3796 1089 3852 carmine
1108 3794 1267 3851 naturaliter
1286 3792 1483 3864 loquebantur,
1505 3791 1600 3847 deinde

379 3905 411 3945 es
429 3904 500 3945 rana
519 3888 633 3959 exempli
653 3888 837 3946 obseruatione
857 3888 884 3943 in
904 3887 1070 3944 comoediam
1091 3889 1225 3943 intrusum
1243 3891 1305 3956 est,
1326 3899 1411 3954 quum
1431 3883 1484 3939 iatn
1504 3883 1598 3940 Graeci

378 3994 472 4049 prorsa
486 3978 605 4033 oratione
618 3983 770 4036 uterentur·
859 4030 861 4034 .

418 4074 465 4126 st.
480 4066 612 4124 Alternis
625 4073 731 4142 aptum
741 4068 931 4140 sermonibus)
946 4070 980 4126 Ut
995 4084 1090 4140 prorsa
1103 4069 1223 4125 oratione
1237 4065 1416 4123 scribentibus
1430 4064 1502 4122 ultro
1516 4065 1599 4124 iambi

377 4156 478 4226 passim
492 4153 656 4211 exciderent.

412 4249 452 4304 lb.
468 4244 632 4320 Populares
645 4275 658 4290 ·
674 4249 843 4303 Vincentem
857 4250 1010 4322 strepitust
1033 4248 1137 4304 Etenim
1157 4254 1253 4304 natura
1273 4256 1480 4320 comparatum,
1503 4255 1533 4304 ut
1551 4248 1597 4320 qui

376 4346 486 4396 cantant
499 4354 593 4394 vocem
606 4338 744 4394 extollant.
767 4339 819 4394 Sed
833 4355 896 4394 cttttt
912 4339 1049 4411 tragoedia
1063 4344 1123 4394 orta
1136 4344 1197 4410 est,
1219 4338 1244 4393 in
1265 4354 1373 4411 quoque
1393 4354 1477 4409 patto
1492 4338 1596 4395 theatro

374 4429 497 4501 populus
512 4435 569 4485 erat
584 4428 777 4499 numerabilis,
799 4434 829 4482 ut
849 4429 958 4485 interius
972 4428 1043 4485 idem
1061 4429 1186 4484 lloratius
1206 4429 1350 4499 observat,
1372 4435 1404 4486 ut
1423 4427 1598 4485 histrionibus

373 4516 496 4572 elamore
512 4531 582 4585 opus
596 4531 648 4569 non
663 4522 745 4586 esset,
757 4531 811 4586 quo
826 4532 841 4571 a
855 4517 1052 4586 spectatoribus
1066 4517 1266 4574 exaudirentur.
1565 4535 1567 4537 ’

412 4610 460 4662 st.
477 4607 592 4659 linitum
606 4604 693 4658 rebus
707 4604 838 4676 agendis)
850 4609 950 4677 Aptum
965 4607 1037 4661 ncitti
1052 4607 1219 4679 fabularum,
1236 4606 1308 4678 quod
1319 4606 1460 4661 confirmat
1469 4604 1595 4677 superius

373 4691 480 4748 anobis
495 4690 610 4764 dictum,
626 4708 741 4762 graccos
755 4696 868 4764 populos
883 4697 1001 4765 primunt
1014 4698 1134 4755 catntine
1148 4698 1267 4769 heroico,
1281 4697 1375 4754 deinde
1388 4695 1504 4752 iambico
1517 4735 1524 4767 ,
1540 4701 1597 4751 tan·

371 4784 432 4840 tletn
445 4796 544 4853 prorsa
557 4781 674 4837 oratione
688 4779 815 4854 loqttutos
828 4800 899 4841 esse.
