3942 5592
754 671 757 682 '
788 699 1077 767 oanuuunuma

609 888 667 952 Pro
679 890 866 969 adsequenda
879 890 983 950 laurea
998 893 1031 948 tn
1046 891 1170 969 meoque
1176 893 1260 969 jare.

929 1079 954 1142 1.

367 1269 508 1343 Quantae
520 1265 711 1350 dignationis
725 1264 775 1330 hic
788 1263 841 1346 qui
854 1283 938 1331 nunc
962 1266 1040 1331 mihi
1055 1265 1194 1346 meisque
1205 1258 1414 1347 optatissimus
1430 1263 1494 1328 dies
1510 1266 1545 1329 il-

327 1364 423 1444 luxit,
437 1363 661 1445 reputaverim,
675 1362 761 1439 hinc,
775 1379 905 1443 quaeso,
917 1361 1103 1446 perillustris
1113 1360 1259 1426 Prollioe
1272 1360 1380 1445 Magne
1395 1359 1548 1425 cancella-

320 1455 387 1534 'rie,
403 1462 435 1518 et
446 1452 633 1536 amplissimi
649 1453 747 1537 hujus
761 1453 885 1535 (allegit
901 1452 1119 1536 sapientissimi
1133 1453 1247 1531 Patres,
1262 1454 1450 1533 cognoscite,
1464 1451 1548 1534 quod

329 1565 441 1613 omnes
454 1548 592 1629 perpetui
607 1547 728 1630 Legatis
741 1547 949 1629 Quinquennii
963 1548 1085 1630 vigilias
1099 1565 1135 1611 ac
1150 1547 1273 1611 labores
1289 1547 1348 1611 hoc
1363 1563 1485 1628 semper
1499 1543 1550 1609 die

329 1635 447 1704 solatus
469 1656 562 1718 sum,
578 1655 676 1721 enque
690 1637 729 1701 ad
743 1636 919 1704 sudandum
931 1641 963 1703 in
978 1638 1099 1721 Legum
1119 1637 1303 1720 disciplina,
1317 1635 1551 1718 algendumque

329 1728 543 1809 confirmatus,
559 1747 667 1811 caspe
681 1728 779 1793 iaetus
797 1728 864 1792 lore
877 1776 886 1809 ,
901 1733 947 1794 uti
963 1729 1043 1794 mihi
1059 1730 1276 1812 experimentis
1289 1730 1323 1794 in
1337 1737 1469 1810 utmque
1483 1728 1552 1818 jure

327 1816 369 1881 de
380 1833 469 1883 more
482 1818 595 1896 tactis,
615 1819 648 1882 in
662 1817 961 1884 iurisconsultorum
976 1820 1083 1906 album
1098 1821 1204 1886 vestris
1218 1821 1377 1886 sententiis
1397 1825 1552 1900 cooptare

329 1913 382 1990 tis,
394 1914 429 1977 in
442 1932 505 1996 qno
519 1931 652 1978 numero
672 1921 702 1978 et
715 1916 951 1981 ornatissimum
966 1933 1147 1981 caussarum
1160 1917 1281 2000 patroni
1292 1934 1409 1980 munus
1423 1913 1566 1991 obirem„

327 2013 360 2067 et
372 2006 559 2088 quandoque
578 2005 616 2068 ad
641 2006 866 2088 rempublicam
893 2008 927 2074 in
942 2010 1083 2091 partibus
1097 2026 1176 2090 quas
1190 2008 1389 2071 iustinianus
1416 2002 1557 2069 studiosa

328 2099 449 2182 Legum
466 2100 617 2182 iuventuti
642 2102 832 2167 mandandas
846 2105 989 2188 proponit
1002 2103 1273 2169 administrandam
1288 2102 1476 2167 accederem.
1494 2098 1551 2164 Sed

328 2209 419 2256 nunc
430 2204 531 2259 vestra
555 2195 689 2279 dignitas
701 2215 826 2262 ornnem
841 2215 943 2265 meam
957 2200 1073 2286 ingenii
1087 2198 1244 2276 fiduciam,
1257 2217 1347 2262 omne
1358 2199 1392 2262 in
1407 2198 1474 2279 jure
1486 2214 1554 2277 per·

329 2287 482 2351 discendo
494 2298 634 2355 exactam
648 2289 970 2372 industriam,omnem
982 2304 1053 2359 ante
1064 2295 1234 2359 adhibitam
1243 2294 1436 2377 diligentiam
1448 2297 1554 2365 tarrct,

330 2385 368 2440 ut
384 2377 496 2442 merito
507 2398 575 2444 meo
585 2379 616 2443 id
627 2381 857 2464 amplissimum
871 2385 957 2450 vobis
968 2404 1083 2450 mutnus
1097 2386 1206 2465 petenti
1219 2383 1443 2468 suffragemini.
1453 2383 1553 2455 Quare

331 2485 388 2531 sos
402 2484 457 2531 oro
470 2475 563 2551 atque
576 2471 720 2551 obsecro,
734 2481 770 2536 ut
786 2473 866 2538 bona
880 2494 952 2539 cum
966 2478 1056 2540 venia
1070 2476 1145 2539 haec
1160 2491 1229 2540 mea
1250 2480 1439 2539 tentamenta
1452 2473 1555 2538 audiu-

333 2563 387 2643 tis,
404 2571 440 2626 ut
452 2583 510 2646 pro
523 2564 710 2646 benignitate
723 2577 824 2634 nestra
838 2588 890 2635 me
917 2568 1181 2636 iurisconsultum
1209 2588 1273 2635 esse
1287 2569 1384 2633 uelitis
1396 2570 1506 2652 Igitur.
1523 2570 1556 2631 u.

333 2651 371 2713 Ο.
387 2651 431 2713 Μ.
447 2663 587 2735 precatus
602 2655 849 2739 interpretandos
875 2669 1024 2744 utrosque
1048 2667 1151 2725 antus
1166 2662 1312 2744 suscipio,
1329 2662 1382 2744 qui
1395 2660 1463 2727 heri
1479 2658 1556 2723 milti

334 2747 449 2812 sortito
460 2746 662 2828 obvenerunt,
678 2758 706 2814 et
720 2751 805 2833 prius
819 2754 852 2817 in
866 2756 941 2818 lure
955 2754 1123 2834 Pontificio,
1140 2760 1211 2833 Cap.
1228 2762 1283 2819 etc.

798 2911 1018 2965 assumtum
1027 2912 1142 2964 ACTIO

683 3030 764 3084 Tantis
774 3050 817 3101 pro
828 3036 920 3089 meritis
930 3035 1014 3104 dignas
1026 3033 1047 3085 si
1059 3034 1161 3102 pendere
1172 3043 1248 3104 grates

714 3115 792 3185 impar
801 3137 852 3188 ego,
866 3121 949 3190 superi
960 3119 1064 3188 praemia
1076 3119 1148 3187 digna
1159 3121 1244 3174 serant.

926 3293 965 3358 11.

378 3478 1556 3561 Intermuitnvitaeutiliaasnpientibusdictailludsanaverissimumiertur,

329 3573 1557 3661 praamumotrtettseetearllamqueiurisconsultibaurea,quueavobis,tm·
1632 3637 1641 3650 ,

336 3667 470 3752 piissimi
479 3663 1177 3746 Patres,emeritisiniurisprudentiaepalestra
1191 3661 1488 3741 delentur,eaomncs
1502 3664 1561 3725 mi·

339 3752 1560 3844 hillabores,omncsuigiliasincaperdiscendapcrferrcestgravitcrcohontnta,

339 3864 377 3919 ut
390 3853 487 3919 alacri
501 3851 607 3915 animo
621 3870 693 3915 cum
705 3852 738 3914 in
753 3850 940 3916 scholasticis
953 3850 1178 3929 auditionibus,
1186 3855 1254 3913 tum
1261 3849 1293 3911 in
1302 3846 1477 3913 domesticis
1497 3864 1562 3910 me-

282 3968 285 3972 ‘
339 3947 547 4014 ditationibus
558 3947 878 4029 perpctunmlegitimi
893 3947 986 4010 studii
998 3944 1248 4028 quinquennium
1258 3950 1386 4008 aestates
1396 3948 1563 4019 aestuares,

340 4039 461 4104 hiemes
468 4053 594 4102 rursum
608 4037 754 4118 algorem.
771 4039 823 4100 list
836 4055 930 4115 nunc,
945 4045 979 4100 ut
994 4037 1218 4121 pulcherrimae
1231 4035 1293 4116 spei
1307 4035 1414 4117 plenus
1424 4033 1563 4099 sonami-

339 4151 383 4198 na
397 4149 478 4214 quae
498 4130 575 4193 mihi
598 4129 745 4194 hesterna
757 4128 805 4194 die
819 4132 924 4194 sortito
938 4130 1076 4195 iacienda
1087 4129 1291 4207 obvenerunt,
1308 4129 1415 4192 llivino
1428 4129 1563 4194 Numine

340 4225 480 4307 auspice,
492 4223 673 4308 aggrediar:
691 4244 785 4310 eaque
806 4242 859 4287 vos
873 4242 927 4288 oro
938 4230 1029 4305 atquc
1042 4223 1168 4288 obsecro
1185 4231 1218 4286 ut
1231 4243 1287 4305 pro
1303 4231 1402 4287 vestra
1422 4223 1565 4287 humani·

343 4326 405 4384 tate
419 4319 655 4404 aequibonique
670 4318 801 4399 faciatis,
817 4320 990 4399 uestrisque
1024 4319 1183 4382 sententiis
1202 4319 1454 4400 mihipublicum
1469 4317 1569 4383 luris·

345 4413 477 4479 consulti
493 4429 609 4477 munus
622 4431 661 4475 cx
677 4412 861 4477 auctoritato
874 4407 1052 4471 obeundum
1066 4408 1261 4490 permittatis.

784 4554 1000 4609 dunstanum
1019 4553 1133 4605 acuo

624 4665 755 4716 Aeternum
769 4664 841 4716 vestri
853 4663 877 4714 in
891 4680 927 4713 ma
939 4661 1010 4713 stabit
1021 4662 1099 4727 gratia
1109 4661 1177 4723 iacti,

658 4747 783 4816 Quamque
795 4747 875 4800 animo
886 4754 985 4814 nequeat
998 4746 1094 4815 perdere
1107 4757 1198 4814 tempus
1210 4742 1277 4796 edax,
