3942 5592
361 460 507 648 digirglgate
531 565 661 655 undique
675 564 784 641 ornati,
800 579 878 642 quae
901 567 963 628 tam
974 563 1126 643 iucundo,
1141 560 1221 640 dulci
1231 569 1275 626 'ac
1288 561 1375 626 suavi
1398 565 1485 625 erunt
1499 560 1579 623 iuter

359 679 431 724 sese
446 679 525 726 nexu
536 665 706 742 cunjuncta,
717 661 779 723 alto
792 663 934 722 elerecto
945 661 1042 721 animo
1055 659 1253 738 perpetiatur,
1267 674 1334 721 eam
1348 662 1454 727 avocat
1466 674 1484 718 a
1496 656 1579 737 cogi-

258 797 281 822 .
373 759 471 821 laudis
484 760 587 820 mortis
598 757 766 835 molestiis,
781 761 817 819 et
831 760 951 820 revocat
971 756 1009 818 ad
1022 755 1264 835 contemplandas
1276 755 1445 834 uoluptates
1467 753 1582 816 allicio·

361 871 448 932 rum,
463 859 499 917 ut
509 855 642 917 solamen
662 871 702 919 ex
717 854 763 915 his
774 853 913 928 iucundis
923 853 1181 914 recordationibus
1204 851 1314 929 capiat,
1330 867 1420 928 quam
1443 852 1582 919 msteet

361 956 464 1014 sancte
477 953 570 1015 ileum
594 951 746 1031 Optimum
763 951 922 1014 Maximum
945 949 1085 1025 coluerit,
1101 953 1212 1028 quantu
1234 948 1292 1012 lide
1305 948 1333 1009 ei
1353 953 1424 1010 vola
1449 948 1580 1021 voverit,

365 1048 475 1122 ouanta
498 1046 611 1124 pietate
624 1042 701 1107 lilios
716 1044 854 1106 bivcrnm
869 1042 999 1123 Reginae
1022 1042 1178 1119 dedicarit,
1193 1045 1307 1120 quanto
1332 1041 1447 1116 studio,
1462 1058 1536 1104 cura
1548 1044 1583 1103 et

369 1138 567 1203 sollicitudine
580 1157 743 1219 egenorum
756 1139 883 1219 inopiam
894 1139 946 1200 liei
958 1156 1065 1202 caussa
1076 1137 1239 1213 levaverit,
1252 1141 1286 1199 ut
1296 1139 1376 1202 dulci
1388 1155 1421 1200 se
1437 1137 1580 1201 memoria

370 1233 484 1296 reliciat
498 1249 681 1296 summorum
695 1233 725 1294 in
736 1227 946 1314 rempublicam
960 1232 1148 1308 meritorum,
1164 1235 1197 1293 et
1210 1230 1409 1294 maximorum
1424 1228 1583 1293 beneficio·

368 1347 448 1407 rum,
462 1347 539 1409 quae
565 1331 594 1392 in
617 1331 712 1393 bonos
726 1346 829 1392 omnes
843 1329 1022 1409 reipublicae
1036 1346 1144 1392 caussa
1168 1328 1346 1406 contulerita
1363 1333 1398 1390 ut
1418 1329 1478 1391 sihi
1491 1330 1580 1407 gralo

369 1429 450 1486 esset
460 1425 593 1489 salamini
605 1424 882 1503 meminisse‚quam
896 1428 1077 1502 temperate,
1087 1423 1252 1486 humaniter
1261 1427 1295 1485 et
1303 1423 1475 1496 clementer,
1488 1440 1580 1501 quam

370 1518 518 1593 modeste,
533 1520 669 1596 comiter,
685 1536 720 1581 ac
735 1517 840 1596 pudico
850 1517 969 1596 degerit
986 1517 1087 1592 sitam,
1102 1523 1134 1578 et
1149 1516 1178 1578 in
1190 1517 1320 1579 maximo
1331 1519 1464 1579 omniurn
1474 1517 1579 1579 doloro

371 1618 430 1680 hoc
451 1633 547 1695 aeque
562 1621 692 1682 maximo
707 1617 812 1678 solatio
828 1617 955 1692 truatur,
967 1615 1046 1694 quod
1068 1615 1095 1676 ei
1110 1614 1196 1676 allert
1209 1616 1361 1693 praeclara
1389 1618 1472 1677 recle
1488 1615 1581 1680 lacto-

370 1729 439 1774 rum
455 1711 645 1776 conscientia.
662 1713 705 1773 lta
717 1711 873 1775 catharina
887 1711 1043 1791 dragonis,
1055 1711 1190 1792 princeps
1205 1709 1350 1773 universis
1361 1710 1510 1781 Fortunae
1525 1709 1579 1770 bo·

369 1805 415 1868 uis
427 1809 542 1880 ornata,
555 1806 671 1866 cunctis
681 1805 809 1866 Naturae
825 1802 1024 1865 suavitatibus
1034 1807 1134 1881 aucta,
1148 1802 1287 1864 omuibus
1297 1801 1424 1864 Virtutis
1442 1800 1581 1862 laudibus

368 1902 520 1963 cumulata
534 1918 570 1963 ex
583 1901 735 1964 hominum
751 1901 812 1964 vita
827 1902 953 1963 heroum
968 1917 1050 1962 more
1063 1899 1222 1979 demigrat,
1240 1898 1290 1962 cui
1303 1916 1381 1962 nuuc
1397 1899 1486 1960 Dolor
1500 1895 1582 1958 orbis

370 1983 511 2055 et'elmor
521 1992 729 2073 parentant.0
741 1991 944 2072 plenissimum
957 1990 1130 2054 acerbitatis
1142 1990 1283 2066 ohlcium,
1295 1993 1375 2068 quod
1386 2006 1490 2053 omnes
1501 2006 1583 2052 meu·

371 2088 411 2151 tis
436 2096 538 2168 partes
562 2091 711 2174 exagitas,
727 2092 860 2163 divexas,
876 2090 969 2153 albeis
988 2107 1023 2153 ac
1047 2090 1270 2169 perturbastb
1293 2107 1384 2168 quam
1409 2091 1582 2155 innumeras

373 2182 519 2262 imagines
530 2185 642 2246 doloris
657 2186 856 2261 tristitiaeque
872 2181 1070 2261 plenissimas,
1083 2197 1144 2259 quo
1159 2198 1206 2242 me
1217 2182 1281 2244 acie
1295 2183 1341 2244 vel
1352 2184 1521 2259 oculorum,
1533 2183 1581 2248 vel

369 2281 480 2342 mentis
503 2285 628 2357 vertam,
644 2283 761 2343 intueor
780 2285 813 2343 et
827 2283 1034 2358 contemplor!
1062 2279 1253 2341 Fortissimus
1267 2281 1359 2342 Filius
1380 2281 1584 2344 moestissimo

368 2374 514 2452 silentio,
543 2376 623 2452 quod
652 2379 794 2454 lacrymas
814 2378 845 2434 et
867 2375 1029 2451 querelas,
1055 2390 1128 2450 quas
1152 2372 1260 2434 excitat
1294 2373 1321 2434 in
1349 2377 1448 2436 animo
1472 2375 1581 2453 pietas,

367 2475 414 2535 vel
439 2471 559 2533 sortiter
579 2474 697 2535 omnino
725 2473 870 2553 jugulat,
899 2472 947 2533 ael
968 2472 1077 2535 saltem
1105 2471 1237 2548 graviter
1251 2473 1404 2550 opprimit,
1423 2470 1582 2535 Parentem

362 2565 601 2627 amabilissimum
627 2566 722 2644 luget.
750 2562 965 2627 Ornatissimae
995 2563 1111 2638 Filiae,
1149 2565 1400 2642 quemadmodum
1439 2563 1582 2626 inundan-

364 2661 408 2720 tia
433 2655 697 2720 heninchouen
722 2659 816 2720 undas
841 2657 936 2731 limo,
961 2657 1005 2716 ila
1031 2656 1175 2735 lacrymas
1201 2657 1351 2718 uberrime
1375 2657 1483 2719 ebusas
1515 2661 1581 2719 stu·

369 2769 444 2833 pore
468 2752 596 2830 denique
620 2756 836 2832 supprimunt,
867 2756 900 2813 et
920 2753 1066 2813 constanti
1084 2751 1187 2813 trontis
1201 2754 1413 2829 contractione,
1437 2753 1520 2816 hura
1533 2757 1589 2818 de·

368 2847 499 2930 iectione
519 2850 840 2930 mulorumtanguida
862 2850 1064 2912 membrorum
1086 2849 1234 2911 solutione
1251 2851 1333 2912 nibil
1346 2851 1445 2913 vivum
1461 2868 1535 2930 prae
1553 2869 1587 2914 se

368 2948 477 3008 lerunt.
492 2949 536 3008 lla
550 2950 590 3011 oh
603 2950 707 3012 oculos
727 2949 799 3012 mihi
815 2951 973 3010 versantur
991 2948 1084 3008 lintre
1098 2947 1315 3025 optatissimam
1327 2949 1494 3027 deplorare.
1510 2947 1585 3010 San·

367 3040 518 3102 ctissimae
527 3043 678 3104 ltatronae
692 3045 792 3122 regios
803 3058 839 3104 ac
850 3041 981 3103 nitentes
994 3041 1129 3120 corporis
1140 3045 1265 3103 ornatus
1276 3042 1448 3122 deponunt,
1463 3061 1498 3104 ac
1508 3045 1585 3106 aliae

371 3134 488 3211 ploratu
512 3138 676 3214 temperare
689 3138 751 3214 rix,
767 3153 803 3198 ac
826 3153 861 3197 ne
877 3135 927 3196 vir
941 3134 1062 3211 quidem
1085 3139 1224 3212 possunt,
1239 3135 1313 3196 aliae
1338 3140 1462 3215 pectora
1474 3135 1585 3199 decora

372 3228 456 3290 humi
481 3227 576 3289 delixa
600 3234 716 3303 tenent,
731 3244 835 3289 omnes
859 3226 974 3288 nonnisi
988 3226 1138 3306 lucrymis,
1160 3227 1274 3287 nonnisi
1298 3224 1448 3304 squalore,
1464 3227 1583 3290 nonnisi

374 3324 457 3381 reste
473 3321 589 3381 sordida
605 3321 800 3384 delectantur.
811 3318 858 3384 lla
868 3338 920 3381 eas
932 3319 1036 3384 videre
1047 3320 1148 3380 ridear
1159 3319 1320 3381 maximum
1332 3338 1421 3382 suum
1432 3323 1525 3383 decus
1537 3322 1582 3383 lu·

372 3430 456 3490 gere.
473 3412 644 3476 Gravissimi
657 3415 712 3478 viri
727 3413 880 3493 t'rincipes
894 3413 961 3474 odio
973 3413 1121 3492 publicam
1136 3414 1231 3476 lucem
1248 3414 1369 3492 hahent,
1381 3418 1414 3474 et
1428 3415 1584 3476 hominum

371 3511 714 3592 adspectusretugiun13
730 3531 765 3574 ac
789 3513 830 3572 illi
845 3513 978 3573 dolorem
994 3511 1107 3574 iaciunt
1122 3511 1183 3591 ipsa
1197 3513 1357 3573 solitudine
1379 3513 1578 3588 acerbiorem,

372 3600 421 3663 alii
446 3601 526 3662 illum
554 3603 580 3663 in
596 3605 757 3666 amicorum
772 3605 869 3665 sinum
883 3609 1093 3682 exonerantes,
1110 3604 1285 3682 ampliorem
1305 3606 1525 3668 consuetudine
1540 3605 1584 3666 la·

367 3694 464 3756 ciunt.
483 3693 528 3758 lta
540 3698 670 3776 speciem
685 3700 794 3760 babere
809 3699 918 3781 sentio,
935 3716 986 3760 eos
999 3701 1045 3761 vel
1059 3717 1159 3762 amara
1170 3702 1341 3777 solitudine,
1355 3705 1401 3765 vel
1423 3706 1588 3765 consuetu·

373 3793 441 3855 dine
468 3795 573 3877 misera
593 3795 631 3859 de
645 3801 819 3858 ornamento
842 3797 889 3858 sui
912 3798 1021 3858 ordinis
1042 3799 1170 3860 maximo
1194 3802 1306 3863 amisso
1330 3803 1415 3880 queri
1430 3819 1464 3862 ac
1477 3802 1588 3864 lamen-

367 3890 438 3953 lari.
464 3893 534 3953 Boni
558 3910 683 3965 omnes,
710 3895 760 3971 qui
784 3895 823 3956 ab
846 3911 881 3957 ea
902 3900 972 3955 sunt
998 3895 1025 3956 iu
1048 3898 1186 3957 universo
1206 3896 1327 3978 imperio
1347 3901 1391 3961 vel
1406 3901 1584 3961 cohonesta-

295 4046 299 4053 ,
370 3983 395 4042 ti
410 3985 536 4060 officiis,
566 3989 611 4048 vel
636 3988 711 4048 sama
734 3987 896 4049 officiorum
927 3988 965 4048 ad
986 3988 1063 4049 illius
1088 3990 1323 4054 benevolentiam
1347 3992 1472 4053 excitati
1500 3991 1586 4052 dolo·

369 4095 402 4138 re
429 4085 612 4158 anguntur,
637 4079 835 4142 coniiciuntur
849 4080 984 4158 tristitia,
1006 4083 1202 4146 sollicitudine
1216 4085 1443 4164 perturbantur.
1461 4083 1519 4146 Sed
1533 4085 1590 4146 do·

372 4174 480 4251 iorem,
498 4179 663 4258 tristitiam,
679 4181 920 4257 sollicitudinem,
945 4182 1035 4258 quain
1051 4200 1121 4260 prae
1146 4186 1248 4246 tautae
1264 4185 1408 4262 Principis
1433 4184 1518 4246 obitu
1533 4201 1584 4248 res

373 4269 503 4349 llispana
515 4279 694 4355 conceperit,
707 4278 774 4355 quis
787 4282 847 4356 est,
861 4278 913 4354 qui
928 4278 1122 4359 cogitatione,
1138 4298 1173 4342 ne
1188 4281 1282 4350 dicum
1295 4281 1403 4358 verbis,
1421 4282 1583 4361 complecti

372 4370 468 4445 possit
479 4366 499 4431 F
512 4371 596 4434 Eheu
612 4376 636 4434 si
648 4376 710 4454 ipsa
725 4377 904 4455 respublica,
921 4382 1077 4458 adomnia,
1091 4382 1201 4458 quibus
1214 4380 1399 4458 continetur,
1412 4399 1503 4462 regna
1514 4400 1585 4461 per·

371 4480 459 4526 sonas
475 4464 555 4528 indui
571 4476 705 4559 possent,
717 4490 752 4535 ea
767 4475 815 4536 hic
829 4473 980 4551 videretis,
996 4480 1066 4539 aute
1077 4480 1153 4541 hanc
1169 4480 1329 4541 luneralcm
1347 4486 1462 4541 struem
1479 4481 1507 4541 in
1520 4497 1585 4543 sor·

368 4560 457 4623 dibus
468 4582 502 4627 ac
517 4584 650 4631 mucrore
661 4569 778 4648 jacere:
791 4572 815 4635 si
826 4573 941 4652 possint
954 4576 1169 4657 collacrymari,
1183 4580 1239 4639 boc
1253 4578 1349 4656 ipsum
1362 4579 1579 4657 pavimentum,

377 4652 429 4712 ubi
439 4659 614 4736 consistitis,
629 4662 768 4723 videretis
779 4680 881 4727 eorum
897 4665 1032 4746 lacrymis
1043 4665 1207 4745 madidum,
1224 4669 1248 4729 si
1260 4669 1411 4748 suspirare
1426 4670 1462 4730 iis
1474 4669 1583 4734 datum

368 4757 460 4830 esset,
476 4755 716 4838 huncnelipsum
737 4767 847 4840 ardreni,
860 4781 949 4840 quem
963 4765 1076 4844 bibitis,
1092 4765 1158 4845 igoc
1170 4770 1357 4830 aestuantem
1373 4767 1547 4831 hauriretis:
1564 4770 1591 4832 si
