3942 5592
466 485 524 546 css
852 472 861 502 ¹

371 556 374 566 ¹
422 591 617 669 fidentissimo
632 597 845 674 Imperatorum
864 594 999 674 raserunt
1011 597 1213 662 acclamatum.
1235 605 1452 682 Seelpraeseati
1465 611 1531 686 ejus
1554 612 1645 672 caede

425 706 513 764 quam
523 673 608 751 mules
621 690 695 767 sccii
714 710 768 754 suo
781 692 889 772 mepte,
903 704 994 779 quam
1007 708 1143 754 concesso
1151 698 1236 772 jusu,
1252 701 1285 755 in
1296 702 1417 758 mutare
1431 697 1526 764 laesa
1539 720 1641 763 caan-

419 782 518 860 plam.
540 785 611 845 Tum
634 785 777 850 Nicolaus
790 784 974 849 Neroarr'etur
998 786 1089 849 Later
1089 793 1239 852 iconarum
1252 793 1397 869 Marcius,
1411 800 1444 855 ul
1468 813 1522 857 sua
1536 801 1645 859 eliseri-

425 884 502 937 minc
515 884 624 957 capitis
634 898 738 959 aqmcn
755 883 879 962 reliquis
890 886 984 941 tutum
991 885 1132 959 praebeat
1142 890 1184 950 ael
1197 888 1356 950 Mercatum
1367 898 1541 967 praeuectus
1554 912 1642 972 equo,

424 994 634 1055 usquequaque
653 988 806 1059 processit,
821 987 896 1040 imae
914 981 1014 1059 plebis
1028 983 1128 1044 studia
1152 989 1185 1043 in
1207 985 1378 1064 Philippum
1403 989 1564 1065 confimat.
1589 993 1645 1055 liis

422 1090 489 1134 emo
508 1076 550 1134 acl
562 1074 687 1139 Mercaii
696 1076 802 1154 fauces
811 1082 957 1155 peruenit
970 1079 1160 1138 multitudine
1173 1098 1238 1140 eum
1248 1089 1444 1161 prosequente
1466 1084 1510 1144 iis
1521 1105 1641 1149 enecuere

413 1163 514 1245 jussa,
529 1170 556 1225 ir
570 1184 647 1228 unus
660 1171 702 1230 acl
716 1188 813 1232 arcem
816 1188 882 1247 pro
894 1188 954 1247 qua
963 1171 1162 1247 praesidiarii
1171 1175 1282 1236 anilitas
1294 1174 1415 1252 inseetis
1429 1185 1521 1241 arnus
1532 1199 1642 1257 praru

418 1259 701 1339 montemintelli,
713 1279 799 1323 suam
811 1267 838 1323 ei
848 1279 1029 1340 eorumquae
1042 1265 1159 1324 eluceret
1169 1264 1260 1341 fidem
1274 1269 1311 1328 cle
1321 1285 1399 1328 more
1408 1273 1543 1352 juratus,
1551 1291 1643 1350 prae-

420 1347 528 1425 sectum
552 1352 645 1414 docet.
663 1352 767 1430 ltaque
781 1360 808 1415 et
828 1373 863 1417 ea
876 1356 1034 1416 multitudo
1044 1361 1152 1433 pacate
1174 1358 1216 1416 ael
1228 1359 1389 1420 Mercalum
1399 1369 1534 1442 excepta,
1549 1370 1577 1424 er
1601 1368 1643 1426 aa

355 1475 362 1490 ·
423 1442 551 1502 Aeolum
563 1442 600 1502 ab
614 1444 780 1507 Navarreto
799 1451 918 1520 missus
932 1450 988 1524 qui
1000 1452 1089 1506 ineam
1100 1447 1219 1524 piebem
1226 1466 1284 1526 per
1295 1450 1540 1528 formidolosiora
1555 1456 1640 1515 urhis

421 1535 487 1597 loca
503 1535 646 1614 Plutippo
669 1537 952 1614 obsequentissimam
970 1543 1099 1600 nunciet.
1115 1541 1195 1600 Nam
1208 1541 1252 1601 sis
1263 1540 1393 1602 locorum
1417 1551 1548 1609 manime
1562 1550 1589 1606 et
1605 1554 1652 1617 iu,

422 1635 491 1704 ciis,
503 1634 530 1691 ct
544 1633 581 1690 de
596 1632 713 1690 aedium
723 1631 873 1708 fenestris,
888 1637 1078 1694 consentienti
1089 1632 1212 1708 plausu,
1230 1634 1303 1711 chi
1313 1636 1541 1699 acclamationes
1555 1642 1637 1714 inqe-

422 1726 567 1794 minatue3
581 1725 634 1785 scel
647 1723 688 1783 ad
700 1730 779 1784 ciam
791 1723 953 1785 hornarum
966 1724 1055 1802 outqo
1071 1726 1181 1784 dicisum
1194 1723 1278 1801 salsa
1290 1725 1445 1802 prolatum
1464 1729 1641 1789 &ommim-

422 1822 481 1877 tarn
493 1834 558 1878 cum
573 1824 710 1880 trecerclis
723 1825 848 1882 arnualis
857 1825 1038 1898 postrenum
1052 1826 1200 1896 reqiorum
1223 1838 1329 1900 uqmen
1343 1840 1551 1899 oppressurum
1572 1842 1640 1883 eors-

423 1913 717 1975 leaelcre.Aooiusibi
729 1919 901 1977 instructam
912 1921 1110 1994 intentamque
1117 1923 1207 1978 acina
1221 1918 1573 2001 canisae-ejulamus
1585 1936 1641 1980 au-

420 2012 477 2069 tem
476 2003 556 2089 post
566 2029 623 2089 per
636 2012 839 2088 exploratores
851 2013 1256 2088 cesarianaaanaacauana·
1235 2031 1305 2090 pom
1317 2014 1425 2076 obsessi
1437 2015 1575 2091 rinellum,
1582 2033 1640 2093 per

422 2105 488 2161 sliri
500 2102 657 2165 Laurentii
670 2109 735 2166 cias
751 2123 868 2183 quoquo
878 2125 994 2191 versus,
1008 2106 1049 2166 au
1062 2124 1195 2183 appetem
1209 2123 1287 2168 suos
1292 2108 1407 2167 iacere
1428 2106 1500 2167 Tum
1509 2114 1636 2187 patricii

419 2199 810 2277 sedileasospppupnondos,
826 2205 852 2262 ct
865 2203 908 2262 uel
920 2185 1053 2277 idipsum
1067 2199 1365 2278 terraeniuaProceqc
1374 2203 1638 2277 petendaocnsent.

421 2288 481 2352 Seu
494 2292 799 2354 Aualemsatcieilibns
815 2293 922 2357 sindus
929 2311 962 2353 eo
968 2296 1018 2354 ‹lce
1030 2290 1170 2352 cartalam
1179 2297 1311 2369 putavit
1322 2297 1349 2353 et
1363 2295 1512 2352 unanimis
1526 2298 1639 2352 tanturn

419 2389 510 2446 armis
519 2400 577 2467 reric
585 2384 922 2463 beneqcstamponsertis
931 2405 998 2447 uero
1008 2386 1161 2444 ducemne
1172 2385 1639 2461 eracamesanouemuanpaiiii

419 2477 591 2537 amineae
604 2475 641 2534 ab
656 2476 809 2535 Dominieo
823 2474 1004 2536 Patiensiom
1018 2471 1162 2550 Meroliio,
1172 2491 1209 2534 aa
1223 2474 1340 2535 rebelles
1353 2473 1490 2551 molant,
1503 2477 1638 2539 assuen-

419 2575 535 2653 eiosper
549 2594 612 2636 cam
626 2578 738 2634 noctem
751 2577 857 2633 censet.
875 2573 933 2635 Suel
948 2571 1044 2632 Aeolo
1057 2591 1115 2634 non
1123 2572 1280 2649 probatur,
1295 2576 1371 2633 irater
1394 2571 1542 2632 insidiosa
1557 2573 1636 2632 loco-

420 2683 496 2745 rum,
508 2668 632 2731 latebris
645 2669 765 2745 operiri.
775 2663 871 2742 iqilur
882 2665 923 2726 ad
933 2667 1152 2743 uieioespeeum
1160 2662 1295 2740 redeunt,
1311 2670 1338 2724 ei
1350 2663 1503 2741 Proreqecu
1513 2663 1550 2724 ele
1560 2670 1638 2728 imae

413 2763 512 2842 plebis
525 2770 633 2827 animis
644 2770 677 2826 in
690 2761 822 2840 Plitrppi
829 2762 892 2839 fiale
902 2762 1061 2839 oisssrnans
1073 2761 1195 2823 reduces
1206 2761 1398 2843 oceanique
1410 2765 1539 2839 incoepti
1548 2761 1644 2839 sarna.

416 2859 544 2937 feliciter
563 2859 709 2937 explicati
730 2861 884 2920 sortitionis
903 2860 1036 2917 auctores
1050 2857 1088 2916 ele
1110 2854 1233 2934 rulqari
1246 2862 1382 2932 opinione
1405 2861 1438 2916 in
1445 2856 1635 2935 profundum

417 2958 572 3036 dejiciunt.
590 2956 784 3030 Quamobrem
796 2960 878 3015 noe-lc
902 2954 1001 3013 oborta
1018 2951 1163 3031 Cuppcius
1174 2950 1279 3030 [aqam
1289 2955 1394 3013 suouct
1408 2957 1470 3012 turn
1487 2970 1545 3030 per
1558 2950 1636 3013 lanc

410 3053 508 3131 plebis
522 3053 676 3133 levitatum,
691 3059 752 3113 tum
761 3053 926 3128 capuanae
936 3066 995 3127 que
1001 3053 1070 3128 jam
1085 3067 1115 3109 sc
1129 3049 1260 3110 desertos
1273 3048 1534 3124 asseverabamus
1547 3055 1636 3110 irrita

375 3215 379 3222 ⁸
416 3152 915 3229 e·onjectura.il⁷ames,quomquem
928 3140 1636 3220 cmaplurosarmatoslominescichenccento

415 3246 442 3298 et
456 3243 493 3301 de
506 3246 569 3300 suis
583 3246 746 3317 vicinisque
760 3243 833 3299 uicis
843 3243 876 3297 in
889 3255 954 3298 eum
969 3238 1047 3294 uren
1061 3240 1225 3297 sanctionis
1236 3234 1352 3294 oblemu
1366 3241 1498 3313 coeperat
1506 3259 1518 3308 ,·
1533 3241 1631 3297 tamen

415 3336 467 3393 rabi
475 3354 533 3414 per
546 3335 689 3396 lacrimem
701 3333 829 3412 Neapoli
841 3334 882 3392 ael
895 3332 929 3390 iel
942 3337 1113 3394 instructum
1123 3335 1335 3407 improsperam
1344 3334 1412 3389 ausi
1424 3328 1577 3402 fortunam
1587 3348 1632 3390 rc·

416 3431 513 3502 scivit,
528 3426 596 3485 licet
609 3429 777 3487 aalmmritus
797 3428 832 3484 ut
842 3424 986 3501 perfidam
1001 3424 1163 3485 absolueret
1174 3421 1275 3498 fidem,
1289 3421 1332 3480 ael
1346 3420 1535 3498 Montissusci
1542 3440 1634 3499 proe-

416 3519 511 3577 siucm
534 3517 635 3580 scrr'bit
655 3536 698 3595 sc,
711 3523 834 3594 excepto
848 3516 1046 3594 Neapoliiano
1069 3520 1160 3592 motu,
1176 3517 1214 3576 cle
1233 3531 1292 3589 quo
1303 3513 1408 3589 salsura
1421 3519 1594 3592 arqumenta
1607 3521 1637 3576 ei

418 3620 630 3675 comrnunicare
649 3608 799 3688 'studebat
813 3616 845 3671 in
859 3629 942 3671 arrasa
954 3629 1091 3692 qruqasse
1105 3611 1245 3683 loncines,
1260 3615 1286 3670 cl
1300 3611 1342 3670 aa
1355 3613 1459 3669 nutum
1481 3611 1559 3685 ejus,
1574 3625 1631 3685 qua

416 3708 453 3764 sit
463 3717 533 3762 astu
556 3707 730 3764 insinuatum
744 3721 841 3782 apere.
859 3701 981 3763 Praeses
994 3703 1135 3763 simulata
1157 3707 1191 3762 r'n
1206 3703 1381 3777 Capuanum
1391 3700 1519 3777 fiducia,
1532 3704 1566 3758 ut
1578 3697 1632 3757 luo-

416 3798 522 3854 minem
541 3799 679 3869 moretur,
693 3791 752 3853 sibi
763 3797 881 3868 pratum
894 3794 1046 3869 responait
1059 3791 1196 3871 officium,
1211 3798 1241 3850 at
1253 3790 1390 3869 Prorcqis
1403 3795 1557 3866 inperium
1576 3809 1633 3850 ec-

410 3893 539 3964 pectare.
556 3888 604 3949 Ilei
620 3905 728 3966 anceps
742 3888 838 3964 iana,
852 3893 885 3948 ut
907 3887 1029 3948 <labium
1048 3888 1136 3963 luera
1151 3888 1249 3947 dulciis
1270 3893 1338 3947 itera
1350 3885 1448 3946 corbis
1461 3884 1631 3962 larsemensi,

416 3989 539 4044 armastis
559 3988 661 4061 edicit,
675 3990 707 4044 ut
722 3988 825 4045 intenti
835 3989 969 4044 maneant
981 4002 1039 4061 pro
1052 3984 1222 4060 repullit-a,
1239 3987 1455 4062 Germanicam,
1470 3997 1509 4039 an
1523 3981 1632 4059 Hispo·

414 4084 495 4155 nica,
504 4083 538 4137 in
548 4085 669 4142 incerto.
680 4079 739 4141 Seu
749 4080 944 4142 Gmnlacurta
958 4084 1093 4156 capuani
1103 4095 1214 4139 iscoram
1225 4085 1258 4137 in
1268 4093 1393 4156 acquam
1403 4080 1551 4154 accipiens
1557 4093 1631 4153 par-

414 4177 481 4248 tem,
496 4177 524 4230 et
534 4171 716 4247 sarcinarosis
726 4193 761 4233 ac
770 4177 951 4251 prescm'piir
963 4174 1072 4250 fretus,
1083 4191 1156 4251 quas
1169 4174 1321 4234 uisscias
1331 4171 1372 4230 acl
1384 4171 1485 4231 teroem
1495 4174 1572 4228 rie-ie
1582 4187 1631 4227 aa

413 4271 596 4326 cornemium
610 4269 778 4343 tertullum,
793 4268 863 4328 uum
877 4287 896 4328 a
913 4267 1056 4348 Cojelano
1065 4267 1203 4345 serantur
1216 4268 1348 4343 auxilia,
1364 4280 1425 4325 rem
1439 4264 1554 4325 trahere
1568 4281 1631 4341 spe-

412 4367 459 4420 ral
466 4382 479 4432 ‚·
497 4367 582 4440 atquc
604 4367 636 4421 ut
651 4362 780 4422 absentes
791 4382 929 4440 proceres
946 4369 980 4425 ia
995 4365 1134 4441 partious
1146 4381 1263 4425 monere
1270 4363 1354 4441 plebi
1373 4361 1553 4437 confirment,
1568 4365 1631 4423 eui·

411 4459 487 4512 ciam
509 4456 545 4513 ele
558 4471 674 4514 annona
697 4461 774 4534 lypis
788 4459 838 4517 ceti
858 4475 893 4516 ea
905 4463 973 4533 ipsa
986 4463 1069 4519 nocie
1083 4462 1236 4534 cemorani,
1251 4460 1286 4516 iu
1298 4473 1358 4532 quo
1371 4459 1491 4532 practer
1504 4452 1632 4529 manife-

410 4556 565 4610 stariarum
578 4551 756 4612 insuentium
776 4560 907 4629 nomena,
919 4559 946 4612 el
961 4553 1016 4614 illa
1031 4559 1228 4614 Ariciensium
1242 4559 1269 4615 ei
1287 4555 1423 4615 Cascrtoe
1441 4556 1629 4629 principum,

416 4645 497 4705 Vasti
516 4663 551 4704 ae
569 4645 795 4720 Refrenensiuru
809 4650 990 4710 Masclianis
1007 4655 1196 4727 praescripta
1212 4654 1290 4709 sunt.
1309 4649 1379 4706 Noc
1392 4667 1461 4707 cero
1481 4665 1539 4724 per
1550 4664 1631 4709 sum-

408 4756 484 4801 manr
505 4744 627 4814 accretas
647 4745 674 4799 el
690 4740 838 4802 silentium
852 4746 959 4819 tracta,
976 4748 1009 4803 at
1019 4748 1154 4820 parmam
1175 4744 1321 4801 ciuitatem
1333 4745 1471 4816 putaras,
1482 4757 1561 4816 quae
1584 4758 1628 4797 res
