3942 5592
374 587 463 663 cisse,
475 600 537 662 quo
553 590 633 647 certo
646 590 755 648 ciuium
768 601 839 663 erqo
854 581 1027 661 Philippum
1051 581 1128 658 fides
1142 587 1237 663 maqis
1250 584 1382 663 spectata
1394 578 1484 661 siret,
1499 605 1599 646 suam·

373 687 580 758 queopancis
605 687 744 743 tentatam
764 688 867 755 uitam,
887 685 920 740 ut
932 679 1062 741 omnibus
1082 685 1198 758 occulo
1212 680 1332 758 reserat.
1350 680 1386 741 Se
1399 688 1484 761 scire,
1500 686 1546 741 sat
1556 685 1597 740 iis

370 782 504 853 praemii
516 777 585 839 bene
597 785 721 857 pessisse
738 800 750 850 ,·
766 779 819 845 sed
832 778 1055 857 diliqentissime
1074 794 1131 854 per
1150 777 1335 839 laudationes
1351 783 1529 837 curaturum
1541 823 1550 852 ,
1564 781 1600 836 ut

377 874 450 935 tica
462 878 504 934 iis
516 881 651 937 meritam
665 872 813 951 benefacti
827 871 943 950 reserat
962 876 1100 952 qratiam.
1118 876 1251 935 Ceterum
1275 873 1408 950 berecficii
1428 873 1485 935 sibi
1497 873 1599 932 collati

376 982 444 1026 aaa
464 982 521 1027 sua
535 971 648 1041 omma,
663 969 798 1026 succisae
811 963 991 1039 reipublicae
1011 978 1078 1021 cum
1091 980 1181 1040 reqno
1194 968 1261 1040 ipso
1278 967 1448 1022 memoriam
1472 965 1593 1022 duratu-

377 1077 457 1122 ram.
473 1062 513 1123 In
526 1059 748 1141 conjurationis
758 1077 834 1119 auso
847 1064 881 1119 in
890 1058 997 1134 vulqus
1005 1057 1141 1135 prodita,
1154 1075 1251 1119 omncs
1273 1061 1329 1117 tuli
1342 1058 1557 1128 exhorrescere,
1569 1064 1597 1119 et

378 1158 490 1214 asinis
503 1151 606 1230 supere
617 1152 750 1230 pericula
760 1155 828 1230 jam
839 1149 959 1229 sapato.
973 1147 1021 1209 tbi
1035 1151 1175 1225 Proreqis
1188 1165 1290 1228 penus,
1306 1164 1374 1224 opes
1388 1193 1397 1222 ,
1413 1151 1538 1210 uirtutes
1551 1154 1599 1207 in·

378 1251 425 1305 ter
437 1250 582 1307 imentala
602 1246 683 1306 moto
701 1250 795 1323 maqis
820 1250 989 1321 conspicua.
1014 1244 1132 1305 Interea
1154 1242 1234 1306 Coeli
1253 1247 1314 1302 tum
1326 1245 1426 1320 pietas
1447 1247 1601 1305 aniversae

376 1345 562 1417 persuadere
576 1384 585 1416 ,
608 1346 637 1400 et
645 1344 797 1421 praesenti
812 1341 876 1399 dici
886 1339 1030 1399 Ianuarii
1043 1342 1161 1398 eundae
1175 1341 1289 1398 tontum
1311 1337 1386 1397 mali
1400 1356 1535 1398 erasum
1547 1356 1602 1416 pu-

381 1439 457 1497 tare.
474 1434 513 1496 Et
525 1452 595 1494 oero
605 1437 715 1494 constal
731 1433 913 1497 Cantelmum
928 1430 1097 1507 Pontificem
1106 1435 1174 1509 post
1188 1431 1330 1493 lustratas
1345 1436 1454 1507 copias,
1479 1449 1606 1494 sacrum

383 1524 531 1603 tndiqetis
544 1529 716 1600 sanqrsiucm
728 1526 907 1600 inspexisse,
920 1524 1115 1599 ducatumque
1129 1517 1263 1601 (smonm
1287 1526 1322 1580 iu
1334 1520 1535 1584 obseruatione
1545 1540 1601 1600 po·

380 1619 472 1674 situm
484 1608 976 1693 omen)seruasse.ttleciuierootu
996 1629 1056 1688 pro
1074 1611 1200 1689 publico
1221 1611 1439 1688 tranquillitate
1453 1618 1602 1692 cmccprc,

382 1710 563 1784 priusquam
576 1703 683 1764 seditio
699 1723 826 1781 prorsus
839 1721 979 1782 oppressa
993 1709 1032 1764 sit
1046 1746 1055 1780 ,
1075 1706 1143 1781 ejus
1157 1704 1323 1779 lineatione
1338 1704 1467 1766 litatum.
1491 1706 1602 1767 Hiceta

382 1795 457 1856 urbe
463 1799 620 1873 principe,
636 1797 734 1855 statim
748 1801 779 1855 iu
792 1795 905 1872 aliquot
913 1798 1065 1872 proximis
1079 1794 1207 1871 Neapoli
1217 1799 1292 1855 uicis
1311 1814 1357 1857 res
1372 1798 1597 1875 tranquillatae.

383 1890 422 1951 tn
432 1890 509 1952 urbe
522 1896 620 1952 autem
633 1891 746 1952 Aversa
758 1909 818 1951 non
831 1896 892 1951 nisi
903 1893 945 1951 ad
958 1894 1154 1966 insequentem
1169 1889 1258 1969 diens,
1269 1897 1297 1952 et
1311 1899 1485 1954 auctoritate
1508 1896 1603 1956 toan·

379 1991 428 2046 nis
442 1987 608 2064 Lucatelti,
618 2004 786 2066 pauperum
792 1992 927 2066 patroni,
940 1993 1017 2050 ciues
1028 1987 1064 2047 ab
1073 1992 1156 2048 novis
1168 1989 1210 2048 ad
1225 1995 1361 2066 pristina
1371 1997 1508 2053 reuocati.
1524 1994 1602 2053 Iser-

380 2086 497 2143 mesmes
509 2100 579 2142 oero
593 2083 630 2143 ab
644 2083 758 2162 aliquot
772 2081 955 2145 sacerdotum
967 2088 1001 2143 in
1014 2082 1110 2156 sequti
1120 2082 1222 2141 odium
1233 2084 1393 2161 solicitam,
1414 2086 1527 2152 diutius
1540 2092 1602 2148 tro·

380 2193 451 2234 aere
457 2174 627 2252 perpetim.
646 2178 856 2255 quueposteo
876 2176 1048 2238 ludovicus
1064 2177 1238 2236 Demieaeus
1253 2185 1448 2255 ‚prouinciae
1467 2198 1600 2257 praeses,

381 2269 514 2330 ualidam
528 2272 784 2334 militummanum
795 2274 943 2350 submisit,
952 2277 1005 2349 qui
1018 2277 1106 2332 noctu
1120 2276 1147 2331 et
1158 2291 1216 2350 per
1236 2291 1377 2334 summum
1391 2277 1540 2336 silentium
1550 2277 1604 2338 od·

382 2368 530 2426 uenientes
545 2366 638 2427 obsita
651 2372 757 2430 uinetis
771 2368 937 2432 insederant
951 2368 1035 2442 loco,
1058 2371 1235 2429 eductorum
1255 2370 1391 2446 consilio,
1413 2377 1440 2432 et
1460 2389 1527 2431 curn
1535 2376 1603 2449 pri-

384 2473 429 2514 mo
441 2473 529 2516 niune
537 2462 645 2534 portae
662 2464 808 2536 poterent,
824 2465 909 2536 siqno
931 2459 1106 2519 altrinsecus
1120 2460 1208 2533 dato,
1234 2477 1291 2520 uno
1311 2462 1464 2538 eodemque
1478 2468 1605 2540 tempore

382 2563 435 2622 per
447 2563 500 2607 eas
514 2551 645 2609 manium
661 2552 802 2612 aduersas
816 2556 847 2610 in
858 2551 996 2627 oppidum
1014 2554 1121 2609 natura
1135 2554 1162 2611 et
1176 2554 1239 2609 arte
1260 2544 1480 2628 praemunitum
1494 2558 1603 2612 irrum-

383 2639 497 2712 perent5
511 2640 612 2713 itaque
625 2639 803 2699 destinatum
813 2644 967 2716 processit.
983 2638 1063 2699 Nom
1077 2642 1220 2717 oppidani
1241 2659 1275 2700 eo
1297 2642 1426 2702 tumultu
1442 2657 1576 2718 percussi
1590 2684 1601 2718 ‚

387 2733 446 2789 sine
459 2733 542 2790 omni
562 2734 651 2793 caede
665 2736 707 2793 ad
722 2735 797 2812 fidei
809 2733 932 2812 cilicium
946 2736 1108 2811 inthrati,
1134 2740 1262 2812 correpti
1276 2736 1433 2796 seditionis
1447 2740 1603 2814 auctores,

386 2819 567 2898 rimulisque
581 2826 695 2882 cneori
703 2865 712 2898 ,
729 2825 769 2884 cd
787 2824 956 2902 praesidem
970 2825 1059 2882 tracti
1074 2828 1153 2883 sunt.
1169 2822 1229 2883 Sed
1243 2827 1313 2902 jam
1336 2828 1403 2901 ipsa
1416 2829 1510 2901 nocte,
1526 2839 1605 2901 quae

387 2915 598 2992 oppressionum
607 2918 799 2996 Neapolitani
807 2921 947 2980 turnultus
954 2923 995 2979 esi
1006 2923 1149 2995 insecuta,
1160 2917 1276 2978 Prorea
1280 2922 1504 2994 prouinciarum
1517 2936 1604 2998 prae-

388 3015 464 3074 sides
476 3018 505 3073 et
520 3011 649 3074 absentes
663 3021 747 3095 requi
755 3034 894 3094 proceres
904 3034 961 3094 per
975 3015 1089 3078 litteras
1109 3018 1267 3092 adurouct,
1282 3020 1314 3073 ut
1327 3018 1472 3090 tupritiuos
1486 3033 1538 3075 seu
1552 3034 1603 3076 cu·

386 3115 490 3185 piant,
510 3124 562 3169 seu
573 3118 813 3189 persequantur,
834 3117 921 3189 atque
935 3113 976 3172 ad
992 3109 1026 3167 id
1036 3116 1136 3188 ipsum
1162 3111 1337 3170 Octauianus
1352 3111 1520 3172 Medicoeus
1532 3113 1605 3172 Sor-

389 3207 516 3265 nensium
529 3201 661 3278 sequtus,
675 3207 702 3262 et
715 3202 863 3283 loseptsus
874 3203 1124 3265 Plccolominoeus
1135 3202 1206 3261 urbe
1211 3200 1351 3279 protecti,
1368 3201 1433 3261 lucc
1444 3206 1520 3277 orta,
1533 3205 1604 3266 dum

390 3295 449 3356 disi
461 3296 621 3357 Laurentii
633 3298 733 3359 abdita
747 3305 927 3374 scrutantur,
948 3300 1122 3360 Franciscus
1140 3296 1344 3375 Cluassiqneius
1367 3303 1471 3374 coptus
1485 3344 1493 3376 ,
1508 3302 1535 3357 ct
1554 3299 1602 3359 t'i·

391 3392 486 3468 qliena
498 3391 536 3452 ab
551 3397 640 3469 reqiis
658 3397 808 3456 Camelmo
832 3395 967 3471 maipa·
979 3396 1129 3471 traditus,
1150 3398 1182 3453 ut
1206 3397 1233 3452 et
1246 3408 1317 3450 mou
1338 3393 1488 3454 Tor-resins
1502 3392 1538 3454 ab
1553 3388 1604 3451 Je-

392 3488 481 3550 mitis.
497 3487 537 3546 Ar
552 3485 684 3552 Ioannes
705 3494 899 3572 Hieronymus
913 3495 1127 3569 Aquartciuso
1152 3493 1274 3568 Proreqe
1286 3490 1407 3549 Rmnmn
1429 3493 1500 3550 naci
1513 3489 1604 3566 louqa

392 3587 587 3663 trajecissent
600 3602 663 3646 curn
678 3586 803 3665 ln'spono
813 3591 935 3667 chato,
946 3595 974 3650 et
989 3592 1103 3651 Tosano
1116 3589 1262 3648 lansonio
1274 3588 1431 3649 Cardinali
1441 3592 1516 3664 repis
1532 3588 1601 3649 Gol-

395 3679 498 3739 tiorum
513 3683 690 3743 administro
700 3686 807 3747 ibidem
819 3691 932 3764 oqente,
944 3686 1079 3762 publicos
1093 3685 1177 3744 bosce
1191 3700 1274 3742 casus
1299 3681 1496 3757 conterrebat
1511 3701 1599 3756 apen·

395 3775 430 3833 da
442 3775 614 3837 consuleret.
631 3778 693 3839 Hoc
706 3784 833 3858 s'pso‘dtc
849 3780 963 3841 Proreoc
976 3785 1008 3840 ut
1021 3783 1165 3841 ce'oilatcm
1180 3777 1245 3839 labe
1256 3778 1372 3846 lustret,
1393 3783 1471 3839 ructu
1486 3780 1598 3854 liberet,

394 3871 483 3927 sordes
490 3864 615 3941 plectat,
629 3866 722 3946 lapsis
734 3874 866 3948 iquoscot
878 3913 887 3946 ,
901 3890 966 3933 reos
979 3872 1091 3947 corripi
1115 3868 1197 3928 ultra
1217 3869 1328 3929 inbibat
1344 3913 1353 3939 ,
1373 3872 1400 3929 et
1417 3873 1604 3946 proqmatica

392 3961 540 4015 sanctione
552 3958 651 4031 edito,
666 3963 733 4036 ejus
754 3966 898 4037 criminis,
910 3967 937 4021 et
951 3961 1078 4021 otiorum
1091 3965 1205 4036 siquae
1227 3960 1409 4034 admiserint,
1425 3961 1467 4021 ad
1488 3960 1603 4020 turbam

389 4053 536 4122 ciuitatis,
550 4055 604 4129 qui
616 4052 700 4129 infra
720 4060 829 4116 certum
848 4061 985 4135 temporis
1001 4060 1129 4133 spatium
1152 4058 1317 4116 ordinariis
1337 4054 1556 4132 moqistratibus
1569 4075 1601 4117 se

388 4159 481 4201 coram
495 4146 639 4219 stiterint,
654 4148 859 4221 impunitatem
868 4148 1036 4224 pollicetur.
1054 4146 1092 4203 At
1105 4150 1207 4204 contra
1231 4149 1345 4223 inqenti
1363 4147 1523 4207 sectoribus
1533 4164 1603 4224 pro·

381 4236 478 4309 posito
487 4238 627 4309 praemio
634 4240 815 4313 praecipuos
828 4243 996 4315 conjuratos
1006 4256 1041 4297 ac
1050 4236 1272 4313 manifestorios
1293 4237 1453 4302 turbatores
1464 4245 1525 4300 vila
1533 4257 1604 4317 pro·

386 4323 496 4382 scribit.
513 4324 574 4383 Sed
586 4339 627 4381 ea
641 4323 858 4388 obscurioribus
872 4327 1046 4389 bominibus,
1060 4332 1114 4401 qui
1122 4332 1189 4404 ejus
1209 4325 1357 4402 taetrioris
1369 4334 1535 4393 societatem
1544 4339 1606 4395 oio·

386 4416 570 4492 detondebit,
585 4421 718 4483 invenitus
729 4440 820 4483 uenio.
836 4422 874 4484 Al
888 4428 1047 4499 Capuauus
1060 4424 1206 4485 Metilium
1225 4441 1291 4484 cum
1308 4426 1605 4506 poruaprop'uqorurn

385 4528 474 4572 nsanu
485 4518 579 4573 insita
590 4515 701 4576 ditiorse
712 4517 836 4577 latibula
851 4521 1068 4592 quaeritantem
1078 4515 1285 4595 comprehendi
1296 4524 1323 4580 et
1334 4518 1502 4581 obtruncari
1521 4539 1606 4583 man-

390 4601 484 4663 darit.
506 4603 562 4665 iios
576 4604 695 4664 Malitia
708 4608 787 4666 rende
798 4608 907 4669 salutis
928 4625 1027 4685 opem,
1042 4611 1112 4670 inde
1125 4609 1182 4670 sibi
1195 4610 1316 4670 uinculo
1338 4613 1366 4670 et
1378 4626 1475 4670 necem
1487 4610 1603 4671 iliatam

389 4693 477 4771 cidit,
491 4697 604 4753 tontum
619 4701 695 4758 m'tae
710 4703 838 4773 spolium
851 4718 870 4757 a
878 4699 1099 4775 percussoribus
1109 4704 1275 4777 impetrarit
1289 4704 1341 4776 ,ut
1354 4707 1458 4774 qrcoia
1467 4717 1533 4761 curn
1549 4708 1605 4765 etc·
