3942 5592
379 611 488 684 patere,
502 613 532 668 et
544 613 579 668 in
591 605 835 686 frequentissimo
845 603 928 680 urbe,
936 607 981 662 uti
983 608 1125 679 pacatam
1132 622 1308 685 paucorum,
1318 614 1363 670 ita
1376 610 1515 687 infestam
1527 612 1605 672 mal-

380 695 517 761 traaas
537 716 614 777 esse,
633 702 804 777 potentiam.
823 697 935 772 Quibus
960 699 1050 758 dietis
1064 701 1187 775 imupcr
1200 705 1365 763 comtestalis
1378 700 1510 779 foederis
1526 704 1603 783 lepos

378 790 467 873 offert.
483 791 619 870 lisanum
632 791 670 849 ab
683 809 714 852 se
728 789 834 849 Coreto
843 787 1023 849 tradendum
1033 795 1126 852 amnis.
1139 791 1317 853 Germanicis
1331 798 1570 867 custodiendum
1582 814 1602 855 a

382 886 506 948 Caesare
519 892 548 948 et
562 891 595 948 in
604 887 678 947 urbe
694 886 824 963 Neapoli
838 883 964 944 locatam
976 887 1088 967 irijam
1097 884 1221 963 fundati
1234 890 1333 949 sedem
1346 907 1430 951 suom
1443 893 1539 970 tlepni
1546 893 1602 974 jn-

376 998 407 1040 re
414 1003 429 1053 ,-
444 980 561 1042 ambias
570 980 729 1058 praesidio
743 985 771 1040 el
783 983 963 1039 munimenta
969 986 1127 1057 pernosse.
1143 982 1335 1062 Napistratus
1345 991 1372 1044 ei
1381 989 1505 1063 inputa
1519 990 1603 1046 ecle-

374 1080 418 1137 ris
431 1080 713 1148 incommunicato3
728 1080 836 1136 certum
848 1074 1002 1136 Nobilium
1017 1079 1167 1153 Senatum,
1181 1084 1327 1156 certosque
1342 1080 1439 1141 litium
1452 1083 1564 1156 triados,
1576 1084 1604 1140 et

374 1166 411 1227 ab
425 1165 597 1231 laniabas
610 1167 653 1227 oa
661 1166 781 1229 Nobiles
790 1171 1030 1244 prouocationem
1044 1166 1122 1244 sore.
1141 1171 1273 1246 meaque
1285 1172 1500 1252 conjurationis
1509 1192 1601 1251 prae·

376 1265 437 1319 nia
447 1263 540 1337 petit.
560 1257 769 1320 mobommai
785 1261 953 1320 Castrmum
968 1261 1054 1334 repa
1068 1256 1302 1337 tractatarum,
1318 1266 1346 1321 et
1359 1260 1509 1322 Plumbini
1518 1270 1605 1340 prin·

376 1354 534 1428 cipetum,
548 1347 766 1425 Montisserrati
790 1347 1022 1408 marchionatum
1046 1347 1139 1409 Ascalo
1156 1392 1165 1426 ,
1201 1367 1324 1425 quorum
1349 1351 1475 1413 atterum
1499 1350 1603 1432 bercefi·

376 1451 456 1509 mum
479 1446 615 1504 aetincta
637 1441 873 1502 ludovisiorum
894 1437 1041 1516 familia,
1063 1441 1188 1501 alterum
1209 1448 1364 1505 mantuani
1377 1445 1470 1507 Baucis
1494 1450 1536 1510 acl
1558 1449 1610 1510 bo·

376 1546 437 1607 stes
460 1537 628 1617 defectione
651 1543 686 1599 in
705 1537 811 1615 fiscum
833 1534 1015 1613 imperialem
1036 1539 1177 1600 cecidisse
1202 1545 1311 1604 Caesar
1333 1543 1479 1616 intenclil:
1501 1547 1556 1608 red
1568 1548 1610 1608 aa

379 1630 464 1692 ittae
480 1629 692 1705 Gumbacurla,
703 1631 745 1690 acl
756 1628 810 1688 boc
825 1627 934 1688 Arolos
948 1631 1141 1687 successionis
1149 1628 1203 1708 jas
1216 1628 1310 1690 babet.
1321 1633 1463 1711 Caietano
1472 1633 1609 1712 sabrolio·

380 1737 443 1780 rem
462 1719 548 1782 urbis
573 1717 753 1781 Fundanum
774 1722 965 1794 comitatum,
985 1716 1064 1777 anae
1082 1717 1210 1794 Hispani
1231 1719 1391 1782 Hearicum
1419 1725 1611 1787 franciscum

379 1814 574 1893 Nasfeldium
587 1815 643 1877 sub
668 1813 739 1874 belli
757 1819 846 1875 initia
860 1813 1058 1888 detruserant,
1077 1814 1221 1893 Carasaeo
1237 1817 1371 1895 Stilioni,
1398 1822 1527 1897 Spinello
1544 1824 1612 1883 Sor·

386 1911 478 1984 renti,
502 1906 681 1984 Hieronymo
710 1906 841 1984 Coppcio
862 1903 978 1964 Salerni
1003 1909 1229 1983 principatum,
1252 1924 1389 1988 mappam
1403 1916 1489 1989 rapui
1505 1899 1610 1974 Stabu-

383 1997 459 2057 li-
473 2001 643 2057 comitatum
661 1995 840 2072 Grimalelo,
865 1997 1033 2054 comitatum
1056 2000 1154 2055 aulem
1168 1995 1264 2057 Notae
1286 2004 1350 2077 ipse
1370 1999 1439 2061 sibi.
1456 2003 1533 2063 Nam
1551 2004 1604 2063 Ca-

358 2156 365 2166 ,
383 2111 522 2173 mnam
537 2098 584 2155 sot
610 2093 669 2152 sibi
686 2096 817 2171 proemii
842 2091 996 2151 locandae
1019 2096 1152 2152 excisam
1172 2100 1259 2171 copul
1279 2098 1395 2159 elicisse
1416 2099 1536 2176 seruus
1550 2099 1604 2159 secl

387 2189 488 2263 mama
510 2187 554 2244 est
575 2199 662 2244 suum
677 2180 835 2243 ctesiclcriis
859 2198 918 2242 non
938 2179 1055 2255 dedisse
1068 2198 1192 2260 nmnen,
1212 2201 1249 2243 ne
1262 2189 1290 2245 si
1303 2185 1430 2249 otiterse
1444 2205 1530 2249 casus
1555 2189 1610 2250 cle·

386 2284 480 2358 elerii,
496 2279 590 2341 ultum
600 2279 748 2357 perfidiae
760 2282 914 2354 oeslipium
928 2277 1114 2355 relinqueret.
1133 2283 1230 2343 Sensit
1243 2284 1405 2348 Germanus
1418 2288 1541 2348 Nobiles
1554 2289 1609 2350 bo·
1682 2296 1686 2305 ·

385 2391 435 2436 soc
449 2371 666 2451 Neapolitanos
678 2374 763 2450 repni
774 2375 834 2433 aim
847 2371 905 2431 sibi
914 2374 1025 2447 petere,
1040 2388 1143 2432 nomen
1159 2374 1266 2433 Carolo
1279 2377 1357 2435 dono
1371 2378 1462 2454 darc,
1476 2381 1503 2437 el
1517 2376 1551 2439 id
1562 2383 1609 2456 ip-

381 2488 453 2532 sura
467 2473 605 2530 meritum
614 2473 758 2546 praemiis
772 2468 930 2529 absorberi.
944 2465 1002 2530 Seel
1015 2472 1136 2545 ternpori
1150 2469 1321 2548 obsequens,
1336 2472 1407 2532 dcem
1421 2492 1505 2534 arina
1515 2480 1548 2535 in
1561 2493 1611 2535 re·

380 2577 475 2640 annm
489 2563 634 2638 importet,
649 2564 706 2620 init
718 2559 837 2637 foedus,
852 2561 971 2636 datque,
986 2578 1045 2619 non
1058 2564 1142 2620 tenet.
1159 2561 1205 2623 Ita
1223 2564 1369 2641 Capacius
1389 2566 1458 2629 bene
1471 2574 1554 2649 posta
1567 2569 1610 2629 lo·

380 2659 513 2734 paam,
528 2652 566 2713 ab
581 2652 759 2728 Imperatore
769 2656 927 2729 praeterea
941 2656 1044 2728 torque
1057 2660 1175 2727 pemeus
1185 2661 1315 2717 conserto
1326 2657 1455 2722 clanculus
1468 2665 1520 2721 cst.
1532 2662 1608 2722 Moe

386 2753 570 2814 Franciscus
586 2747 794 2829 Classipnetus
818 2748 854 2808 ab
868 2748 1059 2826 Imperatoris
1080 2750 1225 2830 consiliis,
1240 2754 1427 2833 Burpunclus
1443 2762 1566 2835 orcpine,
1582 2767 1612 2824 el

383 2847 535 2922 spectatae
544 2844 724 2920 prudentiae
736 2845 796 2902 uiri
809 2841 847 2900 N.
863 2885 870 2899 .
888 2883 895 2898 .
914 2884 921 2899 .
939 2843 1069 2901 Barmais
1085 2843 1218 2918 Insulae,
1228 2844 1476 2919 liliusinltotiam
1485 2853 1606 2928 nessus,

381 2940 472 3013 prius
489 2933 617 3008 Enlqenti
632 2937 730 2992 castra
742 2934 825 3007 petit,
837 2950 856 2991 o
869 2948 927 3010 quo
941 2948 1006 2991 crum
1022 2935 1058 2991 cle
1072 2937 1192 2994 aestiuis
1204 2938 1360 3010 impetrare
1373 2944 1538 3014 nonpossel
1552 2959 1609 3002 an·

383 3027 511 3092 xillum,
522 3026 559 3086 tle
572 3025 712 3105 bpberm's
722 3030 904 3104 proraissam
914 3025 1025 3084 retulit.
1043 3023 1118 3083 Inde
1129 3023 1247 3083 Narniam
1254 3030 1325 3102 petil
1338 3029 1380 3086 acl
1393 3026 1560 3104 Pontificem
1573 3035 1608 3090 in

383 3127 512 3200 speciem
526 3122 691 3202 abtcpalas,
701 3129 734 3184 al
748 3123 786 3182 ab
797 3127 998 3200 coquinpcnla
1011 3137 1166 3179 aureorum
1178 3137 1325 3182 nicoenum
1335 3122 1431 3181 rnittia
1445 3129 1608 3202 rnutuope-

382 3216 468 3274 teret.
485 3212 531 3275 Ne
551 3231 621 3272 aero
641 3219 675 3273 ul
689 3213 846 3291 Neapolim
865 3213 1032 3291 imperiales
1050 3210 1200 3271 codicillos
1226 3217 1251 3271 el
1265 3212 1388 3272 netellam
1397 3219 1557 3290 pecuniam
1576 3221 1610 3278 in

377 3309 566 3386 proditionis
586 3325 660 3372 usus
675 3309 834 3388 perferret,
854 3316 881 3371 el
898 3311 997 3372 Caroli
1008 3314 1123 3369 normate
1138 3325 1259 3385 rep-riam
1271 3315 1449 3386 occuporel,·
1462 3315 1550 3390 atque
1564 3312 1609 3372 od

385 3399 424 3458 ici
436 3403 536 3476 ipsum
550 3403 638 3460 cerlis
651 3403 803 3461 mandatis
819 3405 975 3462 instruitur
994 3404 1048 3475 ,ut
1061 3399 1175 3477 plebem
1195 3401 1385 3477 populariter
1398 3399 1502 3463 babeat
1520 3407 1547 3464 et
1557 3421 1611 3465 no·

384 3491 508 3566 bilatati,
522 3496 634 3553 uetusto
647 3494 863 3571 Campanorum
874 3496 1003 3569 inpenio,
1014 3493 1158 3569 superbae
1169 3494 1358 3572 obsequatur,
1371 3499 1397 3552 ct
1411 3502 1520 3573 septem
1536 3497 1610 3560 Ibo·

385 3598 488 3641 eerum
505 3579 655 3661 famuliae,
670 3587 748 3645 uncle
761 3589 846 3644 coacte
859 3600 945 3659 opus,
961 3586 1131 3642 manuatim
1140 3590 1355 3663 praescriptae,
1369 3589 1451 3664 quod
1465 3589 1542 3649 aliae
1556 3608 1610 3650 on·

385 3675 476 3749 tiana
499 3675 601 3748 stirpis
614 3674 712 3734 indole
732 3679 766 3734 in
783 3674 886 3735 Gallos·
907 3689 1034 3750 pronae,
1048 3672 1127 3733 aliae
1140 3692 1276 3753 acapnam
1295 3694 1423 3737 surianae
1436 3683 1480 3737 rei
1493 3684 1610 3754 partem

389 3765 447 3826 sub
460 3783 535 3826 noco
548 3773 635 3829 etiam
643 3768 720 3849 Repe
734 3773 849 3831 teneant
857 3792 869 3840 ,·
887 3769 965 3828 etiae
975 3785 1067 3846 snpra
1081 3786 1227 3830 commune
1234 3771 1385 3846 peculiari
1398 3772 1611 3849 obsequioni-

392 3858 511 3936 lippum
525 3865 806 3940 sunlproseqautae.
827 3859 881 3922 Ubi
892 3867 983 3940 ipitar
1000 3861 1332 3939 Classipnelasttornam
1339 3868 1485 3940 pemenit,
1503 3881 1522 3923 a
1540 3864 1609 3923 Gri-

389 3966 479 4009 raana
492 3956 520 4011 ot
536 3949 711 4030 Lmnberpio
734 3971 831 4015 orienes
850 3952 1064 4032 conjurationis
1079 3952 1217 4013 articulos
1234 3954 1380 4027 edocetur,
1400 3959 1427 4011 cl
1450 3959 1482 4012 in
1502 3971 1536 4013 eo
1548 3972 1611 4014 rem

386 4058 464 4120 esse,
478 4047 560 4119 auocl
577 4046 747 4126 Cajelanas,
763 4051 823 4106 nisi
837 4051 895 4106 sint
908 4045 965 4106 alii
974 4047 1105 4127 ejusdem-
1119 4045 1233 4107 oroliais
1248 4045 1393 4123 Procnes,
1405 4052 1457 4123 qui
1469 4048 1546 4108 ilem
1557 4048 1610 4126 sa·

388 4137 487 4208 dant,
499 4136 676 4194 detrectabat
690 4142 722 4195 in
734 4139 921 4216 Imperatoris
925 4145 1028 4215 portes
1039 4143 1141 4214 aperto
1150 4142 1242 4196 marte
1249 4139 1421 4197 descendere
1432 4161 1442 4197 .-
1457 4141 1510 4200 secl
1522 4158 1608 4221 moa,

385 4222 441 4284 ubi
451 4221 582 4303 edoctus,
596 4223 724 4285 Aeolum
738 4233 764 4287 el
783 4220 956 4304 ‘Capuanum
963 4228 983 4309 j
986 4232 1132 4301 camuros,
1146 4227 1326 4302 ealeorplam
1340 4228 1377 4287 cle
1391 4234 1610 4291 sententiarum·

384 4323 481 4393 taius,
495 4335 580 4378 arma
603 4324 731 4400 alequas
746 4323 853 4385 nomae
877 4329 1027 4400 amerparat
1047 4328 1079 4381 in
1094 4321 1261 4383 taurinatium.
1276 4323 1318 4384 Ite
1334 4325 1487 4407 judicata,
1502 4329 1610 4406 Hispa·

384 4411 500 4469 mensis
515 4407 643 4488 Lepaias
658 4411 825 4492 oPontifice
834 4415 1000 4490 postula-cil
1014 4420 1046 4474 al
1060 4413 1276 4473 turbabunclam
1293 4416 1467 4497 Cojetanam
1482 4436 1542 4495 pro
1555 4424 1611 4476 irn-

379 4505 472 4581 perio
483 4511 625 4565 cocrcerel
640 4512 671 4566 in
685 4507 763 4567 urbe.
787 4507 836 4566 Aul
855 4527 928 4585 qaae
935 4507 1021 4587 justo
1034 4509 1140 4588 lopati
1150 4507 1300 4568 desideria
1313 4517 1531 4591 quinpcmpinta
1543 4512 1610 4572 oeil-

386 4598 461 4660 timn
473 4616 631 4662 aureorum
638 4620 786 4664 muraneum
798 4608 913 4666 indicta
923 4604 1027 4684 nauta,
1046 4606 1219 4686 Cajelanam
1231 4604 1339 4664 Naronae
1349 4614 1499 4668 coercitus.
1514 4609 1573 4672 Sea
1581 4615 1609 4674 is

387 4712 440 4774 per
455 4697 697 4760 detrimentosum
711 4707 934 4777 cmuurrraeinm,
951 4709 1051 4780 spreto
1064 4707 1198 4782 imperio,
1209 4699 1368 4778 relictoque
1382 4704 1500 4784 Rornae,
1514 4716 1568 4785 qai
1578 4710 1611 4767 ia
