3942 5592
1499 527 1556 588 169

375 637 549 709 maximum
572 627 875 719 monarchiamjunta
889 644 924 686 oc
938 626 1082 686 coiauam
1095 631 1249 708 deducam,-
1266 640 1320 699 sed
1333 641 1367 700 id
1379 656 1441 700 esse
1448 640 1597 715 principis

373 730 422 803 qut
441 729 546 787 aiaerss
571 722 675 800 ploria
698 717 765 795 [rui
778 718 850 778 oeiit
859 737 872 787 ,·
892 732 995 794 repam
1004 723 1085 795 ¹enim
1098 730 1284 800 oopaationes
1309 747 1370 792 csse
1384 734 1516 809 ipsorum
1526 745 1594 805 pro·

370 825 465 900 prius,
478 836 534 878 nec
553 815 732 895 populorum
758 817 875 890 inpeniu
895 817 1084 872 commutare.
1101 817 1181 877 Haec
1204 826 1231 879 ct
1245 823 1392 899 ejusmodi
1402 824 1596 901 praejudicia

373 919 431 975 tum
455 916 591 973 manium
604 914 712 969 civium
724 905 908 965 sermonibus
923 914 1079 981 coeperant
1098 921 1251 991 usurpari,
1267 933 1333 975 cum
1349 917 1487 978 Curatum
1498 935 1595 994 repom

374 1010 535 1084 inararem
554 1021 590 1064 ao
603 999 749 1080 difficilem
768 997 900 1057 morbum
914 999 1065 1076 incidisse,
1075 1002 1225 1078 perlatum
1239 1012 1291 1067 est.
1309 1007 1369 1068 Sed
1376 1015 1457 1088 post,
1474 1010 1525 1068 ulii
1539 1028 1593 1087 per

376 1102 451 1164 alias
472 1099 589 1160 litteras
614 1098 651 1157 de
677 1097 742 1173 ejus
761 1091 996 1153 amarulesceatiu
1011 1112 1045 1153 aa
1062 1113 1140 1173 perse
1161 1106 1241 1160 certa
1261 1103 1358 1165 sal-ute
1371 1107 1591 1182 denunciatum,

379 1193 573 1271 Neapolitani
590 1193 624 1249 iu
653 1189 741 1249 ludos
754 1188 783 1245 et
796 1188 911 1259 pretias
926 1183 1040 1267 diffusi,
1056 1192 1090 1245 iu
1112 1186 1233 1264 funesta
1246 1187 1514 1255 conmonuemus.
1532 1195 1594 1256 Ita·

379 1287 558 1367 quepraeter
567 1284 697 1342 omnium
715 1280 877 1356 opionionem
888 1281 994 1352 euenit,
1006 1280 1086 1354 quod
1100 1280 1136 1338 aa
1147 1287 1223 1360 repis
1235 1284 1448 1360 Hispaniarum
1458 1289 1500 1347 ad
1512 1303 1592 1345 sum·

380 1399 455 1443 mum
468 1378 640 1455 Pontificem
648 1375 756 1454 lepato
778 1374 894 1433 litterae
907 1370 953 1432 iti
964 1372 1029 1432 iai.
1042 1374 1210 1454 decembris,
1220 1383 1323 1456 prima
1337 1387 1432 1459 nacte,
1442 1381 1596 1442 Lactantio

388 1475 509 1551 irmepi
522 1471 611 1532 datae
621 1472 690 1532 sunt
697 1489 709 1539 ,·
720 1471 816 1543 iisqne
828 1463 1046 1542 annunciatum,
1057 1483 1122 1526 oum
1133 1469 1298 1550 tabellario,
1310 1488 1393 1549 amm
1405 1477 1446 1535 rid
1454 1492 1594 1553 mapnum

387 1571 541 1631 intrariae
566 1569 670 1628 ducent
683 1567 750 1642 ejus
764 1565 797 1621 in
811 1562 960 1636 Hispania
973 1559 1121 1639 campum
1135 1580 1200 1623 cum
1213 1564 1321 1629 litteris
1334 1573 1465 1648 miserat,
1479 1561 1543 1630 eam
1557 1571 1595 1631 ab

393 1666 490 1727 Gallia
503 1669 627 1729 Romam
651 1678 743 1738 usqua
758 1661 929 1737 peruenisse
941 1654 1075 1732 samam:
1093 1659 1231 1722 Curatum
1253 1663 1291 1722 II
1302 1680 1470 1740 supremum
1490 1666 1595 1728 abiisse

390 1764 476 1840 dimi,
491 1766 521 1822 et
534 1761 695 1822 nouissima
714 1754 861 1815 uoluntate
880 1757 1054 1816 contestasse
1060 1778 1074 1826 ,·
1090 1754 1261 1835 Philippum
1276 1762 1526 1839 Audeqaaensium
1539 1763 1595 1823 du·

391 1876 460 1933 cau,
479 1857 648 1918 Galliarum
658 1850 799 1927 Delphini
812 1853 952 1909 minorem
964 1855 1036 1910 natu
1043 1849 1152 1928 fitium,
1167 1870 1207 1912 ee
1221 1872 1287 1914 asse
1300 1871 1455 1933 coquorum
1465 1853 1599 1918 lieredem

387 1956 545 2015 instituisse
552 1972 564 2023 ‚·
578 1954 607 2009 et
627 1947 704 2008 alias
718 1964 786 2023 spes
799 1943 982 2006 nerodianus.
1004 1944 1161 2006 Praeterea
1181 1963 1326 2008 summum
1339 1953 1490 2012 ordinasse
1506 1951 1598 2014 Sena·

387 2055 445 2110 tum
465 2053 519 2129 qui
531 2048 689 2121 tantisper,
705 2041 775 2101 dum
789 2036 947 2117 Phiiippus
962 2057 1023 2099 rem
1043 2047 1146 2101 aanor
1159 2045 1187 2099 et
1201 2058 1366 2119 supremam
1383 2044 1483 2105 Caroli
1493 2046 1599 2107 notun·

390 2146 474 2202 tatem
489 2142 642 2219 apuoscat,
653 2151 793 2197 summam
802 2151 900 2193 rerum
909 2140 992 2212 perat
999 2157 1011 2206 ‚·
1026 2139 1112 2212 eique
1124 2139 1217 2196 uidua
1228 2140 1343 2216 Rapina
1349 2144 1474 2215 praesit.
1487 2141 1594 2202 Just-us

389 2242 514 2299 nuncius
527 2251 587 2295 nou
609 2236 691 2305 erat,
707 2229 760 2293 sed
772 2234 945 2304 testamenti,
960 2234 1073 2306 martis,
1096 2237 1124 2291 et
1137 2248 1240 2292 eorum
1263 2251 1337 2309 quae
1350 2234 1443 2312 sunus
1456 2236 1497 2294 ad
1511 2240 1598 2298 dictas

389 2350 477 2410 nimie
493 2333 609 2392 litteras
623 2333 722 2389 secuta
742 2331 821 2396 suut,
842 2326 1045 2403 penitioribus
1059 2336 1154 2406 siquis
1175 2350 1245 2392 cera
1259 2337 1417 2393 nunciasse
1431 2334 1596 2395 uidebatur.

392 2426 490 2502 Εοᾳιιε
496 2421 654 2502 perculsus
670 2417 800 2494 Horou,
814 2424 847 2478 ui
864 2421 897 2476 in
907 2438 938 2479 re
952 2426 1083 2482 maxime
1096 2422 1212 2500 trepida
1226 2417 1352 2493 afflictus
1367 2427 1472 2500 animi,
1487 2423 1598 2486 ruilulo·

392 2521 487 2576 uu'uus
501 2517 595 2575 mente
608 2513 699 2586 stetit,
715 2514 742 2569 et
756 2507 907 2586 confestim
920 2513 961 2571 ad
974 2519 1198 2591 expromptiora
1209 2513 1346 2588 camilia,
1357 2515 1463 2591 quibus
1477 2533 1599 2591 repnum

389 2614 466 2672 tacita
481 2626 514 2670 re
528 2607 621 2668 dubia
634 2609 668 2665 in
678 2609 853 2668 successoris
861 2606 924 2682 fide
937 2611 1108 2685 ematineret,
1125 2613 1255 2668 oninium
1268 2608 1443 2686 applicavit.
1460 2611 1498 2671 Et
1510 2616 1596 2687 prin·

391 2711 466 2786 cipio
479 2723 497 2766 e
512 2723 545 2765 re
559 2706 672 2763 censuit
684 2719 719 2763 aa
732 2703 768 2763 de
781 2719 811 2761 re
825 2700 944 2763 Siciliae
962 2700 1117 2781 Proreqem
1130 2701 1232 2778 facore
1242 2703 1402 2782 ceramum,
1418 2709 1450 2763 ut
1463 2708 1521 2763 tara
1534 2704 1594 2779 dis·

388 2800 464 2876 ficita·
475 2801 603 2876 tempori
609 2797 878 2877 proc-idereillon
893 2797 1031 2856 Senatuim
1046 2800 1073 2854 et
1083 2796 1214 2856 onrm'lius
1225 2796 1425 2859 tribunalibus
1431 2798 1601 2875 praefectos

391 2896 476 2951 eatra
490 2889 624 2949 ordinem
635 2891 783 2946 conuocat.
801 2888 880 2948 Nam
893 2891 926 2946 in
937 2905 970 2948 re
979 2891 1133 2964 praesenti
1142 2892 1327 2965 perspectum
1337 2895 1491 2949 innumera
1504 2910 1599 2968 supra

394 2989 480 3062 caput
495 2985 611 3042 instare
619 2980 770 3057 pericula,
793 2988 820 3042 et
833 2987 866 3041 iu
879 2979 1029 3059 frequerdi
1042 2983 1169 3050 ciuitate,
1182 2980 1260 3039 uude
1274 2985 1301 3041 et
1321 2987 1405 3058 renni
1417 2983 1560 3056 reliquiae
1572 2990 1600 3044 et

393 3076 534 3155 adjacens
551 3093 641 3153 repro
658 3074 761 3139 Sicilia
775 3074 942 3151 enmupium
955 3077 1046 3151 capit,
1056 3072 1228 3151 perdifficile
1241 3091 1303 3134 esse
1314 3080 1438 3151 tenipore
1451 3080 1510 3135 tam
1523 3084 1605 3137 auci-

388 3176 446 3247 piti
456 3172 579 3248 liquida
593 3187 653 3230 riou
665 3171 782 3230 turbari
795 3189 847 3230 nec
857 3175 970 3229 moueri
984 3171 1095 3248 qciieto.
1113 3167 1300 3244 (iampropter
1312 3167 1450 3227 Lacerda
1464 3170 1501 3228 de
1515 3171 1605 3247 Ilepis

391 3267 478 3324 morie
498 3263 721 3340 promutpaudo
739 3267 872 3339 primum
893 3268 1020 3321 munium
1033 3258 1148 3320 retulit.
1169 3260 1264 3320 Fuere
1277 3264 1329 3335 mci
1350 3263 1499 3337 ejusmodi
1513 3277 1606 3340 arpa·

394 3362 493 3419 mentis
515 3373 576 3417 nou
590 3361 722 3434 oportere
737 3357 899 3417 censebant.
918 3357 1032 3417 Plebem
1048 3354 1288 3433 Neapolitanam,
1302 3352 1376 3430 [reli
1389 3361 1493 3431 instar,
1504 3375 1604 3435 pauco

396 3449 536 3508 uastitatis
550 3455 634 3510 nemo
647 3447 750 3524 sumre
771 3454 797 3508 et
811 3453 955 3509 aestuare.
973 3448 1167 3508 l'citriciorum
1177 3463 1290 3521 paucos
1303 3445 1420 3523 tabere,
1435 3448 1540 3509 multos
1555 3451 1607 3509 de·

396 3547 525 3606 siderare
531 3565 546 3616 ‚·
561 3545 733 3604 emediocm'
747 3541 857 3602 oinium
877 3542 980 3602 ordine
991 3556 1100 3619 parum
1115 3541 1234 3616 quidem
1247 3545 1349 3614 rosetus,
1364 3541 1416 3601 sed
1427 3541 1506 3602 nitril
1525 3548 1604 3619 spor,

398 3639 585 3702 monarchiae
599 3636 772 3701 divisionem
792 3641 921 3725 secundo
940 3642 1049 3697 ciuium
1063 3655 1179 3696 rumore
1204 3641 1369 3713 acceptum,
1386 3642 1414 3696 et
1427 3654 1466 3697 an
1480 3637 1607 3717 Anplioe

397 3754 450 3797 rea
464 3734 568 3798 l'arali
583 3734 619 3796 ll
631 3752 689 3794 nan
701 3737 841 3795 destituat
852 3735 1044 3808 uoluntatem,
1055 3737 1208 3792 incertum.
1223 3732 1349 3792 Felicem
1359 3734 1477 3808 amdan
1492 3737 1606 3808 opilare

399 3831 544 3888 ciuitatem
559 3826 613 3887 sub
626 3824 774 3898 Laranda,
790 3826 843 3885 sed
854 3831 1002 3887 inermem·
1019 3823 1123 3901 Itaque
1146 3842 1178 3885 eo
1199 3827 1375 3901 interrepno,
1391 3822 1535 3896 dubioque
1550 3824 1603 3881 da·

395 3927 522 3984 uiuatm
536 3921 671 3983 sesosidio
687 3917 838 3980 Larundae
860 3924 962 3980 uirtuti
975 3919 1103 3996 obsequi,
1120 3921 1301 3996 majestatem
1320 3919 1425 3993 nepari
1435 3931 1531 3989 posse.
1550 3914 1608 3974 Sed

400 4019 426 4076 is
438 4020 470 4074 in
485 4019 639 4074 contraria
654 4016 731 4072 stetit
745 4016 899 4087 sententia,
913 4027 946 4071 eo
962 4012 1084 4070 coasilia
1092 4024 1265 4087 persuasus,
1279 4010 1357 4063 iuter
1371 4004 1470 4064 urnam
1486 4005 1609 4064 Romam

398 4125 432 4165 aa
445 4106 607 4183 Neapolim
629 4120 684 4164 nec
702 4104 845 4162 Oceanum
858 4107 1044 4182 interjacere,
1058 4118 1109 4161 nec
1123 4104 1291 4158 immensum
1310 4101 1455 4155 terrarum
1468 4101 1606 4169 tractum,-

398 4199 491 4258 ceiare
505 4201 619 4257 tacitam
632 4213 692 4255 rem
705 4193 922 4271 Neapolitanis,
936 4209 1024 4272 quam
1039 4192 1118 4252 lueoi
1138 4187 1259 4250 (otiando
1274 4189 1445 4263 resciscant,
1460 4189 1608 4266 ejusmodi

397 4308 455 4352 esse
468 4295 556 4366 atque
570 4295 602 4350 in
613 4289 676 4348 dies
690 4304 748 4345 riou
761 4291 793 4344 in
808 4285 1026 4363 lanpitudinem
1042 4285 1210 4361 providere·
1226 4278 1373 4357 suspicari
1388 4279 1508 4340 dubiam
1518 4281 1609 4354 fidem

395 4384 554 4445 etduliiam
565 4382 680 4461 facere,
687 4401 781 4460 prope
791 4399 861 4443 esse.
878 4383 980 4442 Fidem
989 4381 1048 4456 fide
1059 4377 1284 4438 coricili'andam.
1300 4374 1380 4448 Quin
1390 4375 1444 4436 lioc
1454 4380 1519 4453 ipso
1529 4378 1612 4452 quod

395 4487 433 4542 tot
446 4486 596 4557 tantaque
610 4484 717 4542 instent
726 4480 806 4538 ucula
817 4482 1010 4558 imperterrite
1023 4492 1121 4537 earum
1134 4491 1253 4534 causam
1268 4475 1470 4550 aperiendam,
1483 4488 1571 4546 quarn
1584 4476 1612 4533 si

397 4574 520 4633 aliunde
535 4578 615 4633 circs
628 4575 791 4648 excipiant.
807 4574 932 4632 Credeut
946 4570 1085 4632 Curatum
1096 4571 1262 4637 ruortuum;
1279 4564 1453 4640 Philippum
1467 4581 1610 4626 successo·

398 4687 453 4728 resa
475 4685 536 4727 nan
551 4669 680 4727 medaii.
698 4667 756 4726 Sed
769 4681 829 4741 qua
843 4669 936 4724 anicii
945 4666 1127 4742 praesentia,
1140 4665 1169 4720 ct
1184 4677 1261 4721 mors
1280 4665 1308 4719 ei
1329 4656 1473 4719 successio
1487 4665 1612 4718 nuncia·

398 4770 456 4840 tur,
472 4769 503 4822 ut
517 4769 586 4823 deria
600 4772 727 4842 utraque
750 4781 796 4823 res
810 4767 889 4824 certa
897 4764 962 4840 fiat.
978 4762 1060 4823 Mala
1080 4764 1158 4820 eru'm
1171 4763 1273 4819 contra
1290 4757 1386 4816 eundo
1400 4759 1514 4813 minora
1526 4752 1620 4827 pieri,-¹

466 4871 545 4927 Vico.
569 4874 706 4943 Opusooti.
1485 4864 1519 4918 22
