3942 5592
422 417 482 480 too

377 526 489 593 mallee
502 529 630 612 nuptias
649 528 690 594 ab
703 530 845 596 omnium
860 537 1039 618 temporum
1059 534 1224 618 principio,
1238 537 1420 603 aeternitate
1433 536 1585 602 decrevit

378 620 518 686 Decrevit
540 640 675 706 namque
695 624 816 707 generis
835 625 1040 709 amplitudine
1053 645 1166 710 pares,
1190 630 1344 713 coniugali
1365 636 1463 694 aetate
1475 648 1587 712 pares,

379 717 566 795 praestantia
579 718 717 798 corporis
730 715 887 798 animique
901 717 1068 784 virtutibus
1081 738 1182 802 pares.
1198 721 1237 784 Et
1247 739 1321 786 vero
1333 724 1497 804 utriusque
1510 725 1590 807 regii

378 807 518 888 conjugis
532 827 628 891 genus
642 816 726 873 tanta
740 809 807 874 luce
818 811 906 889 juxta
918 811 1086 893 inclytum,
1100 813 1419 898 tantoquesplendorc
1432 823 1589 899 ustaeque

362 902 628 982 circumfusum,
649 910 685 967 ut
698 911 803 968 utrum
820 906 917 970 altero
938 907 978 970 sit
992 905 1180 988 praeclarius
1198 925 1330 990 nequeas
1350 908 1487 973 definire.
1506 908 1589 974 Gens

377 994 463 1058 enim
479 995 629 1059 Barbania
643 1014 661 1058 a
676 995 783 1061 uarolo
803 998 914 1079 Magno
928 997 1041 1064 ducere
1060 1000 1214 1082 originem
1235 1006 1445 1079 memoratur,
1459 1002 1514 1083 qui
1531 999 1590 1066 Ro

383 1105 515 1152 manum
530 1088 699 1153 Occidentis
713 1090 883 1172 Imperium
903 1111 922 1155 a
935 1091 1075 1156 barbaris
1088 1093 1230 1173 gentibus
1242 1092 1361 1172 jamdiu
1385 1094 1524 1157 excisum
1538 1112 1589 1158 re·

383 1183 496 1261 stituit,
511 1198 607 1263 eoque
621 1186 744 1266 egregio
764 1193 794 1248 et
808 1184 976 1249 immortali
997 1186 1132 1249 facinore
1155 1195 1327 1269 temporum
1345 1177 1502 1251 doctrinae
1514 1191 1587 1269 post

379 1275 503 1358 Cyrum,
519 1276 739 1358 Alexandrum,
755 1279 877 1342 lulium
890 1279 1048 1342 Gaesarem
1063 1277 1147 1342 aliud
1163 1280 1277 1360 grande
1291 1278 1439 1342 historiae
1449 1295 1589 1342 momen·

382 1376 450 1430 tum
466 1366 620 1449 adjunxit,
634 1370 717 1436 unde
731 1373 814 1437 orbis
830 1381 980 1438 terrarum
995 1391 1044 1436 res
1057 1379 1159 1454 gestae
1172 1391 1226 1454 per
1240 1372 1418 1453 longissima
1432 1371 1518 1435 mille
1528 1371 1590 1434 ier·

380 1481 434 1527 me
448 1480 603 1526 annorum
616 1465 711 1543 spatia
724 1464 762 1527 ad
776 1464 857 1528 banc
872 1474 1012 1530 nostram
1026 1482 1122 1546 usquc
1137 1473 1270 1529 aetatem
1283 1471 1480 1547 procurrunt.
1495 1464 1590 1528 Ama-

382 1555 443 1620 liae
453 1563 556 1618 autem
566 1555 698 1634 majores
708 1555 863 1620 Romanos
874 1558 981 1637 fasces,
991 1558 1044 1639 qui
1055 1566 1162 1640 gentes
1174 1575 1282 1621 omnes
1293 1555 1425 1621 devictas
1437 1554 1593 1637 perdomi-

385 1655 493 1731 tasque
503 1649 667 1729 terrebant,
682 1649 765 1712 intra
775 1650 851 1712 tines
864 1668 1113 1733 suosnunquam
1127 1648 1279 1714 viderunt:
1293 1667 1365 1715 nam
1374 1648 1433 1713 sub
1447 1647 1591 1727 Traiano,

381 1749 532 1825 postremo
546 1741 769 1822 imperatorum
783 1744 837 1824 qui
859 1741 987 1807 Romani
1002 1742 1125 1824 Imperii
1142 1743 1219 1807 sines
1231 1742 1441 1824 protulerant,
1463 1740 1589 1806 Germa·

381 1834 446 1915 nia,
460 1854 649 1917 quamquam
662 1835 807 1899 ducentos
820 1842 849 1898 et
859 1835 965 1900 decem
979 1855 1076 1901 annos
1090 1838 1237 1909 Romanis
1257 1833 1351 1899 armis
1366 1833 1541 1911 tentatain
1554 1850 1592 1895 ea

384 1933 488 1991 tamen
501 1927 549 1999 sui
563 1936 662 2011 parte,
676 1946 755 2009 quae
769 1929 868 2010 gignit
883 1930 1038 2007 Saxones,
1052 1940 1087 1992 ut
1100 1948 1170 1992 eam
1184 1929 1354 1993 Oraculum
1373 1928 1592 1992 historicorum

383 2019 537 2100 describit,
552 2020 651 2085 adhuc
666 2020 785 2102 integra
799 2021 994 2103 perdurabat.
1007 2023 1044 2083 at
1054 2021 1178 2085 hercule
1191 2019 1297 2104 (liceat
1311 2021 1379 2084 heic
1390 2037 1486 2102 pauca
1495 2022 1594 2083 tenui-

384 2119 433 2175 ter
447 2112 547 2193 dicere
560 2161 569 2194 ,
584 2122 619 2177 ut
633 2131 745 2196 magna
759 2123 851 2196 atque
864 2116 1032 2197 magnifica
1045 2102 1193 2180 Saxoniae
1206 2115 1326 2179 Ducum
1342 2113 1442 2196 gloria
1456 2110 1595 2177 luculen-

383 2206 505 2269 tissima
520 2205 734 2287 intelligatur),
752 2213 782 2269 at
797 2208 934 2288 hercule,
948 2208 1077 2289 inquam
1090 2253 1099 2287 ,
1114 2206 1331 2290 gravissimum
1346 2213 1593 2286 argumentum,

386 2299 523 2362 Saxones
537 2296 631 2363 luisse
647 2300 789 2382 antiquos
803 2299 941 2362 Cimbros
954 2297 1051 2377 docet,
1062 2300 1143 2380 quod
1155 2299 1304 2363 Saxonica
1313 2297 1418 2380 lingua
1428 2295 1598 2363 Cimbricae

386 2409 484 2473 quam
498 2389 657 2452 simillima
671 2409 737 2454 esse
751 2391 939 2468 observetur,
954 2399 985 2455 et
999 2391 1115 2454 Cimbri
1137 2391 1300 2473 praeclaris
1314 2388 1502 2471 Gcographis
1516 2391 1597 2454 Teu·

386 2494 473 2550 tones
488 2484 630 2549 dicantur
645 2528 654 2562 ,
675 2485 823 2564 aquibus
838 2503 953 2549 nomen
974 2486 1009 2549 in
1023 2491 1199 2550 universam
1220 2484 1447 2551 Germanorum
1468 2492 1594 2567 gentem

385 2580 534 2646 dillusum
549 2585 604 2656 est,
620 2579 705 2661 atqui
719 2580 860 2642 omnium
875 2582 1017 2663 gentium
1032 2600 1133 2646 mores
1149 2581 1281 2663 probant
1295 2580 1424 2663 populos
1437 2580 1595 2661 principes

386 2673 566 2742 nationibus
578 2673 706 2736 nomina
720 2691 900 2757 propagare,
914 2683 944 2737 et
958 2675 1117 2738 observare
1131 2675 1200 2738 liret
1214 2674 1368 2756 principes
1391 2673 1532 2754 gentium
1546 2689 1598 2733 ur·

386 2769 454 2843 bes,
466 2766 510 2831 uti
527 2766 680 2830 Saxonum
695 2767 801 2849 regia,
817 2768 850 2830 in
867 2776 1018 2832 terrarum
1039 2769 1305 2833 meditulliissitas
1320 2763 1396 2831 esse.
1412 2767 1599 2838 Teutonicae

388 2866 495 2924 autem
511 2859 636 2941 linguae
651 2865 735 2923 tanta
748 2859 913 2941 antiquitas
926 2859 1131 2943 praedicatur,
1144 2870 1190 2940 ut,
1206 2879 1305 2942 quum
1317 2860 1385 2938 ejus
1398 2866 1505 2922 auctor
1519 2857 1600 2920 Teu·

388 2953 469 3017 tonis
481 2955 681 3016 Mercartmon
694 2955 876 3036 appelletur,
893 2955 1022 3035 gentiles
1036 2955 1196 3036 scriptores
1211 2955 1307 3036 patrio
1321 2952 1424 3017 studio
1437 2951 1599 3028 commoti,

390 3045 576 3110 Mercurium
589 3045 837 3128 Trismegistum,
852 3049 905 3129 qui
920 3046 1092 3128 Egyptiam
1107 3058 1250 3128 gentem,
1267 3047 1406 3111 omnium
1420 3042 1598 3126 antiquissi-

391 3136 778 3218 mamcondtdttdothum
792 3141 884 3204 fuisse
897 3139 1208 3205 commemorent.Sed
1218 3138 1355 3220 idipsum
1370 3135 1467 3200 multo
1479 3136 1604 3216 gravius

391 3232 556 3312 veriusque
563 3231 915 3314 firmassent,quod,cum
924 3231 1142 3312 trismegistus
1152 3229 1290 3313 AEgyptia
1300 3230 1407 3311 lingua
1424 3227 1603 3293 Teutdictus

342 3331 345 3337 '
394 3325 477 3404 sit,et
491 3323 672 3388 Germanica
685 3341 794 3388 omnes
809 3325 973 3389 verborum
983 3323 1296 3405 radicesunisyllabas
1318 3323 1524 3401 habeat,Teut
1538 3320 1611 3385 Ger·

393 3416 548 3480 manicam
563 3415 699 3496 linguam
711 3416 865 3497 fundasse,
882 3418 973 3501 idque
986 3418 1116 3480 verbum
1130 3435 1149 3479 a
1162 3416 1344 3481 confusione
1359 3416 1538 3497 linguarum
1549 3414 1604 3477 Ba-

395 3509 561 3592 bylonica,
582 3519 612 3573 et
626 3514 782 3591 primaeva
807 3513 926 3595 generis
940 3511 1070 3576 humani
1086 3517 1152 3592 post
1165 3508 1321 3574 bilariam
1343 3510 1553 3591 dispersione,
1569 3515 1600 3571 et

395 3599 555 3668 Germanis
568 3613 598 3668 ct
612 3604 768 3688 AEgyptiis,
782 3606 865 3681 idem
878 3605 1003 3670 omnino
1015 3602 1176 3686 provenire
1189 3604 1398 3668 coniecissent.
1411 3601 1496 3665 Hanc
1510 3600 1602 3664 Saxo-

395 3699 467 3762 niae
481 3698 599 3762 Ducum
614 3717 688 3763 cum
702 3700 776 3782 ipsis
796 3700 904 3780 primis
918 3699 1060 3781 gentibus
1082 3696 1168 3761 domi
1182 3703 1381 3778 occoeptam,
1402 3702 1432 3759 et
1445 3689 1484 3756 ad
1499 3702 1605 3757 nostra

398 3809 496 3877 usquc
511 3801 647 3874 tempora
661 3798 808 3875 perpetuo
831 3798 984 3856 servatam
999 3790 1171 3853 libertatem
1196 3807 1269 3854 cum
1283 3787 1421 3852 Romano
1435 3784 1610 3850 Occidentis

398 3886 534 3968 Imperio
549 3905 603 3969 per
614 3887 752 3951 Carolum
768 3886 914 3969 Magnum
929 3886 1071 3950 restituto
1083 3884 1110 3946 si
1123 3883 1193 3964 quis
1206 3882 1354 3963 conterat,
1366 3887 1396 3945 et
1409 3898 1507 3962 aequa
1517 3878 1607 3943 lance

400 3991 570 4062 utrumque
584 3980 701 4062 primae
714 3979 842 4061 originis
851 3977 943 4044 decus
953 3975 1118 4060 expendat,
1130 3976 1169 4040 ab
1179 3983 1247 4039 utra
1260 3975 1358 4053 maior
1368 3972 1534 4057 dependeat
1543 3971 1609 4053 glo-

396 4076 455 4153 ria,
469 4075 496 4137 is
510 4071 616 4154 procul
631 4071 717 4137 omni
727 4069 821 4136 dubio
833 4089 894 4135 non
907 4070 1025 4152 liquere
1038 4068 1298 4151 pronunciaverit.
1308 4068 1393 4129 Hanc
1404 4083 1534 4147 aequam
1545 4065 1608 4126 ori-

397 4165 718 4249 ginisamplitudinem
727 4184 821 4247 quam
830 4164 907 4228 belle
916 4161 1198 4244 coniugalisaetatis
1207 4159 1502 4244 aequalitasexcipitt
1513 4158 1609 4221 Nam-

400 4278 461 4343 que
475 4257 595 4321 Amalia
607 4275 690 4321 nunc
703 4257 873 4340 primulum
889 4257 1054 4338 viripotens
1074 4252 1166 4328 iacta,
1179 4258 1210 4316 et
1221 4251 1347 4316 Carolus
1359 4251 1502 4314 virilibus
1514 4249 1608 4313 annis

400 4354 563 4436 proximus
576 4352 698 4430 nuptias
712 4350 850 4415 Romano
865 4368 951 4414 more
972 4353 1203 4412 contraxerunt.
1219 4345 1301 4409 Gens
1314 4345 1398 4406 enim
1412 4342 1498 4407 orbis
1513 4348 1611 4406 terra·

399 4465 471 4513 rum
484 4444 612 4508 domina
625 4448 739 4506 ceteras
750 4460 858 4506 omnes
872 4441 969 4506 armis
981 4440 1066 4515 vicit,
1081 4437 1154 4518 quia
1169 4454 1277 4501 omnes
1297 4435 1380 4500 civili
1392 4435 1542 4518 sapientia
1557 4453 1609 4500 su·

400 4542 532 4626 paravit,
544 4538 633 4617 cujus
647 4539 868 4617 institutiones,
886 4559 948 4605 nnn
962 4541 995 4603 in
1009 4535 1262 4620 pbilosophorum
1278 4532 1410 4613 scholis,
1426 4535 1478 4598 sed
1491 4534 1577 4600 domi
1590 4551 1610 4594 a

398 4634 541 4701 familiari
555 4635 717 4716 prudentia
733 4635 941 4701 tradebantur.
956 4633 1058 4705 Quum
1068 4627 1152 4694 enirn
1166 4644 1205 4693 ex
1226 4623 1357 4690 familiis
1377 4627 1515 4692 civitates
1536 4641 1626 4692 coor-
