3942 5592
1506 473 1563 530 177

386 585 518 666 iamiqu,
543 579 761 658 ienesoctorum
784 581 817 637 ia
830 592 879 638 cos
892 574 949 635 sibi
962 579 1089 649 conscio,
1109 572 1211 635 notius
1224 579 1316 636 uatus
1331 572 1482 653 Spinetlus
1503 579 1601 638 autem

383 684 493 742 inertie
506 675 682 753 desidiaque
689 674 840 734 marcidus
851 675 948 730 omnia
960 687 1064 730 curare
1072 672 1192 746 praeter
1200 670 1417 747 llempublieam
1427 671 1594 732 uidebatur.

380 774 499 838 Malitia
513 789 601 848 saepe
613 770 654 830 ad
666 783 733 827 eum
745 767 906 826 accesserat
912 784 924 835 ,-
939 761 1186 823 sedturbuicntus
1196 765 1301 839 maqis,
1312 779 1400 841 quam
1406 767 1489 842 pius,
1497 768 1593 841 patrii

375 874 462 950 juris
476 866 593 926 vindan
603 864 755 923 extiterat.
768 860 806 918 m
817 861 896 917 enim
909 856 945 916 ab
957 861 1081 932 utroque
1093 859 1223 933 spectatu
1232 860 1345 933 qcaeris
1353 856 1429 932 tides
1439 862 1594 935 anqustiae
1691 880 1693 889 ·

376 960 545 1040 familiaris
559 956 756 1032 suspicionem
770 953 927 1011 annuerat.
944 947 1101 1009 Praeterea
1121 948 1251 1009 Tiberius
1266 948 1400 1011 Malitiac
1418 969 1507 1029 nepos
1523 952 1592 1012 libe·

378 1053 582 1128 raitiaqesiio,
596 1052 623 1106 ct
637 1048 679 1107 ad
691 1043 864 1104 modestiam
875 1046 902 1102 at
914 1046 1050 1118 pietatem
1063 1040 1201 1118 torraclo,
1216 1058 1273 1101 non
1286 1040 1357 1101 luace
1374 1060 1514 1119 prorsum
1523 1046 1591 1122 pol-

377 1143 542 1211 danaum
557 1137 611 1200 hos
629 1140 776 1216 Capqcias
791 1140 869 1194 recto
879 1138 1058 1211 perrumpit,
1072 1137 1104 1192 ut
1119 1148 1242 1211 quorum
1257 1138 1378 1210 penitus
1391 1144 1514 1198 noverat
1527 1147 1592 1201 oni·

379 1253 453 1311 mos,
463 1237 489 1295 ii
503 1233 581 1294 alias
593 1236 690 1309 primo
703 1232 835 1291 diversos
850 1234 972 1304 tentare,
985 1213 1058 1288 men
1068 1246 1097 1290 se
1108 1247 1139 1289 se
1148 1233 1281 1305 aperire:
1296 1232 1414 1291 tandem
1426 1236 1459 1292 in
1472 1252 1595 1299 coaceru-

382 1334 430 1390 ιω
445 1343 560 1404 coqere,
575 1327 629 1403 qui
641 1326 688 1381 ati
697 1320 868 1398 plurimum,
881 1321 963 1396 opud
978 1320 1145 1396 Spinetlnm
1156 1318 1309 1380 imitant.
1331 1319 1369 1380 lu
1382 1319 1429 1382 ln's
1444 1320 1593 1405 Cappeius

379 1426 534 1502 epreqium
546 1417 785 1480 vicissitudinum
800 1421 912 1491 tempus
922 1456 930 1490 ,
942 1413 1045 1490 felicia
1061 1418 1194 1477 Caesaris
1208 1419 1366 1491 auspicia,
1386 1416 1522 1478 Gulielmi
1534 1424 1595 1479 air·
1690 1421 1693 1426 ’

383 1519 473 1574 tutem
487 1517 518 1571 et
531 1513 609 1568 artes
622 1509 784 1567 maritimos
798 1504 994 1578 Batavorum,
1007 1518 1075 1579 opes
1089 1501 1207 1563 docere:
1228 1503 1437 1562 Gerasenorum
1449 1509 1549 1582 copias
1563 1512 1597 1570 in

384 1611 485 1672 media
499 1603 608 1679 ltalia,
621 1604 839 1680 imperatoriam
852 1603 999 1658 civilatem
1013 1594 1216 1659 ostentaredd
1228 1597 1389 1675 inccndio
1400 1603 1432 1659 in
1446 1602 1596 1679 Hispanos

382 1698 656 1779 retraclal,sactum
665 1699 982 1775 eacoqitat,proeerum
992 1697 1019 1754 ct
1028 1694 1133 1754 illudit
1143 1697 1302 1773 iqnaaiam.
1312 1695 1349 1754 ln
1359 1703 1594 1782 nmqistratmcm,

382 1813 459 1874 quas
473 1793 589 1854 dicaam
612 1793 740 1868 injurias
755 1785 914 1848 inuenitur.
935 1786 1065 1847 Tandem
1088 1804 1118 1846 sc
1142 1786 1234 1866 diqno
1258 1792 1374 1867 aros-eri,
1388 1792 1517 1868 indlqna
1529 1798 1596 1869 pati

379 1892 580 1964 meminerim,
591 1890 679 1963 petit,
694 1889 789 1964 roqat,
805 1883 1031 1959 obtestaturque.
1050 1883 1153 1958 ltaque
1173 1899 1249 1942 noua
1263 1888 1443 1945 consciscunt
1451 1907 1463 1956 ,·
1479 1892 1506 1946 et
1521 1889 1598 1949 Ger·

376 1988 474 2047 mana
486 2000 611 2064 reqnum
633 1983 681 2045 liis
692 1984 826 2060 pessimis
846 1978 971 2055 artibus,
989 1976 1125 2056 Proreqis
1138 1996 1218 2054 nece,
1232 1983 1259 2038 et
1277 1983 1446 2042 Castrinooi
1469 2000 1594 2062 occupa.

379 2080 470 2155 tione,
482 2075 610 2156 prodere
633 2078 776 2136 statuunt.
801 2072 879 2131 Nam
894 2069 1019 2149 Proreqe
1038 2076 1142 2146 occiso,
1157 2070 1337 2147 reipublicae
1351 2088 1454 2131 curam
1479 2079 1512 2136 in
1525 2081 1595 2137 ciui-

376 2179 467 2234 tatem
491 2175 667 2233 distractam
680 2172 732 2243 iri,
743 2165 796 2226 ulai
810 2169 884 2224 inter
898 2168 1009 2224 civium
1023 2166 1138 2226 ordincs
1157 2163 1243 2224 nulla
1265 2169 1429 2253 animorum
1442 2175 1593 2232 consensio

377 2265 478 2342 soret,-
491 2254 580 2324 immo
595 2280 654 2341 quo
667 2269 792 2343 quisque
807 2266 899 2338 maqis
909 2264 1083 2321 austeritate
1090 2259 1268 2338 polleret,eo
1279 2265 1373 2337 maqis
1384 2264 1539 2343 audacter,
1550 2270 1589 2325 iis

374 2363 490 2424 muium
503 2367 604 2422 iretur.
618 2359 715 2440 Elper
724 2376 819 2421 arcem
833 2361 947 2435 captam
959 2376 989 2420 se
1002 2357 1081 2420 urbis
1091 2362 1191 2435 poliri,
1203 2362 1229 2416 et
1242 2356 1379 2420 lractenus
1396 2358 1597 2421 Germanicum

372 2452 492 2530 [matur
507 2452 665 2530 cnsilium,
679 2455 880 2512 munimentum
894 2451 934 2510 od
947 2447 1120 2510 traliendnm
1141 2456 1172 2511 ia
1191 2465 1290 2527 repno,
1304 2455 1331 2509 si
1342 2453 1420 2527 quod
1431 2456 1543 2512 oriatur
1555 2461 1595 2513 ci-

373 2554 433 2616 uile
446 2550 572 2629 bellum,
586 2551 755 2629 silriporori
761 2546 964 2627 procidebant.
982 2545 1041 2608 Sed
1054 2551 1254 2607 auctoritatem
1267 2552 1327 2608 suis
1343 2549 1479 2626 parisius
1500 2551 1596 2616 deesse

373 2648 553 2726 iutelliqunl,
562 2651 718 2723 nisiquum
729 2652 760 2706 iu
771 2663 820 2707 eas
834 2647 917 2719 requi
924 2659 1061 2719 proceres
1072 2643 1284 2702 concessissent.
1301 2638 1395 2717 lqetur
1405 2644 1446 2703 od
1456 2643 1597 2708 loannem

374 2743 542 2822 Βαρὶἱαὶανα
556 2743 592 2803 dc
606 2743 706 2819 Capua
720 2744 910 2803 Ariciensium
918 2742 1093 2814 principem,
1103 2739 1135 2794 et
1148 2754 1282 2812 maqnum
1297 2740 1529 2801 Alaoillanorum
1543 2744 1597 2804 Co·

373 2845 471 2900 saitem
486 2842 684 2916 praesentium
694 2841 790 2901 laedio
802 2852 934 2914 qrovem,
948 2836 1114 2912 advertunt,
1128 2839 1191 2893 irae
1201 2829 1318 2908 sacilan
1328 2838 1448 2911 tentam,
1460 2844 1490 2898 in
1505 2838 1594 2918 pejus

368 2951 500 3012 prousan
519 2934 668 3014 dejiciunt.
685 2934 759 2995 Huic
772 2938 847 2995 anm
858 2929 1007 3007 familiae,
1019 2934 1050 2989 in
1060 2946 1117 3005 qua
1131 2932 1217 2988 etiam
1227 2934 1323 3005 sepiae
1332 2929 1509 3005 seminarum
1523 2942 1596 2996 ima-

373 3031 469 3103 qines,
479 3033 508 3086 et
518 3028 647 3086 uetustae
657 3029 840 3103 quinqentum
847 3021 938 3098 fenne
948 3038 1088 3081 annorum
1098 3025 1227 3096 oprimis
1233 3036 1322 3095 usque
1331 3021 1500 3104 majoribus,
1512 3034 1598 3102 quasi

366 3135 427 3194 per
450 3135 555 3181 manus
573 3118 700 3178 traditae
721 3135 788 3194 opes
809 3120 921 3176 animos
944 3112 1114 3195 efferebant,
1128 3111 1242 3173 liabitas
1265 3112 1469 3194 spectabilitas,
1496 3118 1592 3182 caulius

373 3212 541 3284 auarutas,
563 3211 693 3268 suauitas
712 3213 799 3285 uocis,
813 3212 839 3267 et
853 3211 973 3268 actionis
994 3212 1173 3281 incessusque
1197 3204 1348 3282 modestia,
1362 3208 1489 3286 quidvis,
1507 3228 1594 3288 quam

319 3373 322 3379 ¹
373 3298 489 3376 duplae
503 3304 649 3375 inqem'um
659 3302 685 3358 ct
699 3298 815 3379 injuriis
828 3298 1019 3376 caedibusque
1031 3299 1172 3374 qaudens,
1186 3293 1397 3371 siqmfieolrant.
1420 3296 1524 3359 Tisaion
1534 3309 1597 3362 ucri

373 3411 479 3454 amarus
488 3395 595 3452 natura
603 3391 675 3468 sccii
685 3395 788 3453 indicii
796 3394 902 3453 locum.
915 3394 994 3453 Nam
999 3409 1169 3469 perversum
1179 3396 1305 3450 animum
1315 3393 1594 3474 arqueloatprooitas

375 3482 537 3542 caelorum.
552 3481 583 3544 ls
595 3485 665 3543 dum
681 3489 713 3543 in
725 3490 816 3546 saeris
824 3489 956 3561 poterms
976 3488 1051 3561 erat,
1063 3484 1190 3561 obsequii
1202 3486 1365 3565 impatiens,
1386 3492 1414 3549 el
1428 3490 1599 3554 dominandi
1716 3551 1720 3560 ,

368 3580 562 3657 percupidus,
572 3581 656 3657 patri
667 3581 703 3640 de
713 3599 745 3640 re
758 3584 875 3656 priuata
887 3585 1108 3642 controuersiam
1117 3586 1256 3658 uitauerat,
1271 3586 1386 3645 incusso
1397 3591 1483 3647 etiam
1494 3594 1597 3649 ueram

373 3677 463 3729 ructu.
485 3670 610 3730 Fuenrnt
624 3671 765 3732 olirneum
778 3677 852 3732 inter
864 3671 1078 3747 allocandum,
1103 3692 1166 3733 cura
1177 3673 1266 3735 classi
1276 3678 1478 3753 neapolitanae
1492 3702 1596 3760 praee·

374 3768 434 3842 rat,
449 3764 630 3845 offensiones,
639 3769 715 3826 unde
735 3771 821 3826 etiam
833 3767 1103 3845 simultatespalom
1115 3772 1206 3847 ortae,
1221 3788 1270 3831 eas
1281 3776 1375 3832 aman
1399 3781 1430 3835 in
1444 3775 1596 3839 lacerdae

369 3861 476 3935 postca
498 3856 643 3937 Prorepis,
668 3865 764 3918 animo
776 3865 925 3922 revocatas
949 3863 1105 3938 Capuanus
1112 3865 1241 3939 putavit,
1255 3883 1320 3924 cum
1339 3872 1368 3927 ci
1380 3876 1443 3926 cura
1460 3888 1596 3947 permaneo

373 3951 471 4028 fratre
477 3950 612 4031 jurqt'um
625 3957 759 4012 exortum
779 3958 821 4016 est
835 3957 870 4015 de
884 3953 1042 4034 Hippolyta
1064 3955 1228 4034 Piqnatelln
1248 3954 1491 4025 senoniensium
1510 3968 1594 4047 duce,

375 4062 463 4122 qinom
476 4050 503 4105 is
516 4062 580 4104 cum
591 4047 656 4107 dote
667 4063 779 4108 summa
786 4049 850 4126 filio
862 4064 913 4109 suo
926 4053 999 4109 nata
1008 4051 1115 4131 rnlrjori
1119 4054 1262 4131 despondi
1271 4057 1467 4117 contendebat.
1476 4061 1514 4120 tt
1527 4059 1596 4122 Pro·

375 4157 433 4198 rea
446 4156 461 4198 c
475 4145 615 4216 supremis
623 4147 724 4217 patris
731 4144 850 4220 puellae
864 4145 968 4207 tabula
989 4145 1134 4206 Vincentio
1147 4167 1280 4225 sponsam
1293 4151 1439 4227 depacisci
1450 4154 1591 4231 octaua.

375 4228 435 4291 Sed
446 4233 526 4307 quod
534 4228 653 4306 socians
660 4237 763 4310 postea
781 4237 935 4314 Capuanns
947 4240 1116 4314 admiserat,
1137 4239 1271 4319 Proreqis
1284 4244 1519 4326 immunitam,
1527 4233 1594 4312 'uon

374 4331 434 4385 τίνι·
446 4327 544 4385 ααίανα
562 4334 683 4388 meruit:
698 4330 787 4394 cliens
804 4336 937 4412 Capnoni
946 4334 1005 4409 suit
1019 4341 1071 4412 qni
1080 4338 1217 4398 adversm
1237 4338 1299 4416 ejus
1312 4339 1446 4421 injurias,
1462 4342 1596 4427 Proreqis

370 4415 432 4493 fide
441 4419 609 4497 implorato,
619 4427 702 4481 nocte
714 4425 813 4486 donini
821 4445 890 4488 suae
901 4433 930 4487 in
942 4428 1011 4489 serbe
1022 4445 1078 4504 per
1089 4429 1230 4489 latronem
1243 4451 1261 4489 a
1276 4434 1413 4510 Capuano
1422 4435 1498 4510 soris
1507 4458 1596 4519 apen·

373 4515 412 4588 tc,
425 4511 624 4594 subornatum,
639 4521 748 4578 occisus
762 4523 812 4580 est.
833 4519 894 4592 Ouo
908 4526 1032 4593 minine,
1047 4539 1111 4580 cum
1125 4528 1156 4581 ia
1173 4523 1340 4599 Capuam
1361 4527 1469 4606 leptim
1481 4539 1595 4609 quaesi-

375 4609 446 4683 tum,
459 4611 487 4666 et
497 4608 560 4669 dics
570 4611 660 4688 dieta,
671 4617 696 4674 ts
707 4611 863 4691 Neapolim
870 4618 979 4692 perpit,
993 4617 1034 4675 ad
1043 4619 1143 4678 aedem
1153 4635 1267 4678 sueram
1278 4621 1455 4701 consuqieus.
1468 4624 1511 4686 Eo
1521 4644 1596 4686 coras

371 4699 473 4852 weil
486 4705 596 4768 nobiles
611 4714 762 4770 cancerare
775 4712 913 4788 qsuotidie,
929 4716 960 4771 in
973 4710 1076 4790 picibus
1100 4712 1270 4777 Francisrus
1285 4710 1429 4790 &melleus
1442 4725 1470 4778 et
1481 4718 1594 4788 Malitio

473 4819 525 4860 tet).
547 4807 683 4877 Opuscolc',
1470 4823 1503 4876 23
1655 4808 1657 4813 ¹
