3942 5592
1459 486 1517 546 195
1625 438 1628 450 '

328 595 501 674 retulimus,
515 599 629 658 uocaui·
643 597 753 657 dumosa
766 596 850 657 brevi
862 593 1003 656 bunnam
1012 603 1109 675 spatio
1120 600 1258 661 dedisset.
1275 597 1463 674 Qrsapropter
1473 593 1555 654 baud

322 692 421 771 facile
434 691 650 773 expediebatur
660 692 812 755 consilium
823 709 863 753 au
876 694 1084 754 seditiosorum
1094 695 1243 756 conatibus
1253 692 1475 754 occurrendum.
1488 689 1552 749 Ali-

326 794 403 870 quat
412 806 554 868 proceres
566 804 627 848 uon
647 793 780 866 oportere
793 787 956 864 censebant,
971 804 1021 863 ne,
1035 792 1114 868 quad
1122 789 1212 867 facile
1224 790 1306 869 factu
1320 789 1476 849 seditionis
1489 789 1553 845 crat

326 881 469 968 (quando
479 893 512 948 in
523 886 596 949 urbe
609 886 675 949 loco
688 889 808 950 insidiis
817 893 894 966 apia
907 891 977 946 sunt
992 885 1117 970 aonia),
1128 907 1202 966 quae
1209 903 1323 965 parmae
1340 890 1444 962 copiae
1457 886 1554 943 muni-

325 982 438 1040 mentis
449 983 505 1038 via
520 981 677 1055 praesidio
691 981 738 1042 sot
752 983 860 1055 esseut,
874 995 924 1038 eas
937 981 971 1036 in
984 978 1034 1059 cuj
1038 996 1129 1056 usque
1141 985 1208 1040 vioc
1221 975 1365 1057 anqustiis
1378 995 1398 1036 n
1410 974 1520 1051 fronte,
1535 992 1555 1034 a

327 1075 414 1148 terqo
437 1071 466 1127 et
488 1071 527 1131 de
540 1068 612 1129 locis
625 1071 826 1150 superioribus
852 1074 1078 1130 circumveniant
1102 1090 1137 1132 ac
1149 1069 1319 1147 foedissime
1342 1066 1551 1128 contrucidant.

334 1160 444 1224 Tutisrs
458 1164 628 1236 eonsilium,
644 1163 768 1240 quaudo
787 1166 877 1241 reqiis
885 1166 971 1240 potet
983 1178 1076 1240 marc,
1092 1164 1209 1224 duabus
1231 1182 1248 1223 e
1261 1159 1364 1222 Sicilia
1388 1162 1482 1238 lanqis
1496 1176 1549 1219 aa·

328 1257 420 1319 vibus
434 1259 490 1320 Dei
503 1258 639 1337 beneficio
662 1279 696 1322 eo
710 1260 845 1338 appulsis
865 1261 898 1316 iu
912 1275 1010 1318 arcem
1024 1259 1146 1320 conrebi
1158 1276 1234 1337 quae
1247 1258 1290 1319 ad
1301 1251 1552 1318 substendandum

332 1349 517 1413 obsidionem
541 1357 688 1430 tantisper
710 1354 771 1413 siut
784 1353 867 1422 satis,
882 1349 951 1409 duan
964 1351 1085 1410 auxilia
1107 1348 1144 1408 de
1157 1353 1256 1410 vicina
1281 1347 1386 1409 Gallia
1396 1343 1548 1421 serantur.

333 1447 447 1506 Contra
469 1453 575 1508 nummi
588 1454 707 1510 senatus
727 1451 831 1525 patres
845 1445 989 1508 tumultus
1003 1451 1220 1524 oppressionem
1239 1442 1391 1520 nrqcbaut,
1406 1442 1486 1519 quod
1493 1457 1553 1517 pro
1614 1480 1621 1497 .

336 1539 456 1602 sotia'to
470 1547 498 1602 et
511 1546 668 1624 festinante
689 1559 789 1606 rerum
802 1561 870 1619 usu,
894 1549 1016 1620 quaevis
1030 1543 1140 1604 accitis·
1160 1561 1227 1622 spes
1240 1541 1329 1619 louqa
1343 1543 1416 1600 esset
1424 1559 1435 1611 ‚-
1450 1535 1551 1595 multis

335 1638 414 1694 enim
430 1640 541 1698 civium
551 1638 682 1702 millibus
695 1644 728 1698 iu
741 1652 837 1697 arcem
851 1641 976 1715 receptis
983 1638 1051 1721 jam
1065 1639 1161 1699 deesse
1170 1642 1333 1700 necessaria
1346 1638 1422 1695 vitae
1429 1655 1440 1703 ,·
1457 1637 1496 1707 el,
1511 1648 1553 1691 an

331 1729 368 1783 ut
380 1735 586 1807 reqnopacato
600 1736 810 1792 commeatuum
822 1735 908 1808 copia
918 1729 1013 1809 fieret,
1022 1747 1081 1791 non
1095 1735 1172 1790 citra
1184 1730 1324 1791 dubium.-
1333 1726 1465 1804 -plcbem
1478 1724 1552 1786 atie·

332 1836 373 1880 no
397 1825 545 1885 instinctu
568 1829 611 1888 ad
624 1826 800 1886 turbandum
824 1828 955 1901 citatam,
971 1829 998 1884 et
1023 1826 1063 1884 ad
1083 1830 1235 1902 utrumque
1247 1823 1348 1900 fornae
1366 1826 1551 1898 rnmrreutnm,

332 1921 441 1993 suapte
454 1923 573 1999 inqcnio
587 1920 739 1982 mobilem.-
753 1953 768 1965 -
782 1920 885 1997 Neque
891 1925 1057 1998 primorum
1071 1920 1203 1996 arcora,
1218 1925 1245 1979 et
1259 1921 1436 1981 rrscdiocrum
1450 1917 1554 1978 debili·

331 2012 455 2071 tondum
462 2013 563 2094 lidan,
579 2021 606 2078 ct
616 2016 829 2077 vilissimorum
843 2015 1075 2092 confirmandam
1087 2016 1260 2074 andaciam:
1272 2018 1429 2089 praeterea
1450 2029 1480 2071 se
1493 2025 1552 2070 nou

331 2107 450 2165 tantam
463 2110 668 2170 seditiosmum
681 2110 753 2189 vim,
769 2115 882 2185 quauta
896 2109 1084 2190 afferebatur,
1098 2112 1246 2186 reputare,
1260 2113 1288 2168 el
1299 2124 1414 2184 nupera
1426 2107 1555 2182 trepida·

331 2200 412 2256 tiorse
423 2206 598 2277 cornperisse
621 2206 740 2280 mentes,
755 2205 807 2265 nbi
820 2203 908 2265 semel
921 2201 1013 2262 multo
1026 2207 1127 2262 tunore
1148 2208 1279 2280 percitae
1290 2208 1369 2279 sunu
1391 2207 1470 2263 certa
1485 2198 1554 2262 aor-

330 2306 412 2354 rores
432 2295 639 2372 amplificandi
659 2300 782 2362 libidine
801 2299 945 2377 relcqari:
960 2330 974 2341 -
984 2316 1110 2375 parvam
1135 2298 1257 2375 qnidam
1278 2300 1405 2359 militum
1418 2314 1550 2370 manum,

331 2386 385 2446 sed
395 2386 468 2448 belli
477 2397 633 2455 scientium
643 2400 743 2455 contra
753 2394 1000 2469 tumultuarium
1009 2399 1143 2458 crioiinis
1153 2398 1328 2455 conscicntia
1337 2390 1550 2469 recordenlqs'·

333 2481 382 2536 tur
395 2477 468 2539 dum
477 2484 599 2561 stamma
622 2492 655 2547 ia
669 2486 774 2563 fomite
790 2490 953 2564 raperetur,
969 2490 1168 2563 occupandum
1181 2505 1243 2549 esse
1256 2484 1425 2547 incendi-um
1448 2484 1552 2549 mmdc-

332 2565 413 2628 bmtl·
425 2573 486 2634 Sed
492 2576 609 2639 Proreus
620 2576 801 2640 vehomenter
812 2578 951 2654 solicitus,
963 2578 1184 2640 crmctabnndus
1194 2578 1350 2639 conuitium
1360 2577 1460 2636 trabit.
1478 2573 1554 2633 Tan·

332 2661 400 2720 dem
415 2668 540 2727 meridie
552 2654 890 2749 caaciopxpcdition'em
903 2674 1040 2748 imperat,
1055 2673 1082 2731 et
1096 2668 1233 2730 Andreae
1248 2669 1341 2730 dvala
1355 2668 1463 2728 Montis
1478 2665 1551 2725 Her·

332 2756 502 2820 vulcarium
517 2760 665 2842 Principi‚
679 2770 787 2829 virtute
807 2766 934 2825 militari
948 2769 1115 2842 conspicua,
1131 2768 1158 2823 et
1172 2767 1272 2840 qratia
1285 2763 1368 2840 apud
1382 2775 1478 2821 omncs
1490 2757 1552 2835 icr-

333 2859 379 2906 mc
399 2849 668 2930 Neapolitanorum
692 2859 812 2919 ordinas
821 2861 937 2934 potenti
954 2856 1139 2935 pallentique
1154 2861 1229 2927 viro,
1244 2854 1336 2916 nimiis
1356 2855 1553 2931 praescriptis

336 2945 556 3026 mandatis,scd
565 2971 624 3030 pro
634 2969 734 3016 rerum
749 2951 1027 3013 usumodcrandum
1041 2953 1211 3013 demandat.
1223 2948 1334 3010 Aualus
1347 2946 1428 3008 illud
1440 2952 1473 3005 in
1486 2950 1552 3022 pri-

332 3044 389 3103 mis
398 3045 445 3101 rei
450 3049 585 3118 pretium
600 3052 775 3126 aestimavit,
784 3053 817 3107 ut
830 3052 889 3106 ima
895 3046 981 3125 plebs
993 3049 1026 3105 in
1038 3043 1174 3124 Plritippi
1185 3047 1271 3124 chis
1278 3042 1350 3118 fide,
1356 3046 1553 3119 patriciorum

334 3137 514 3194 maritate
533 3138 766 3214 confirruaretur.
782 3126 887 3216 ltaque
901 3156 966 3198 eam
978 3137 1059 3197 urbis
1072 3142 1218 3213 reqioncm
1231 3155 1331 3197 cerms
1352 3136 1389 3195 ab
1400 3141 1490 3212 reqiis
1503 3154 1552 3195 ac·

334 3228 433 3308 dibus,
451 3235 495 3292 ita
504 3235 887 3314 instructipqmeusaciunt.
899 3237 980 3296 Inter
991 3236 1066 3295 duas
1074 3240 1328 3310 praetorianorum
1341 3237 1462 3306 turmas
1471 3232 1548 3292 duae
1590 3222 1592 3227 ’

335 3319 541 3398 Hispanorum
555 3324 696 3405 cobortes,
711 3346 787 3405 quas
803 3328 894 3406 Sylva
904 3326 941 3386 de
952 3326 1059 3387 Sicilia
1073 3326 1258 3396 convalescat·
1272 3330 1360 3386 eatra
1375 3324 1488 3401 aliquot
1500 3339 1551 3381 ur·

340 3413 437 3476 borrae
461 3420 769 3502 cambiae'caterique
792 3429 826 3482 in
849 3423 949 3502 qlobos
973 3429 1072 3485 cuncti
1085 3426 1235 3501 aqitabani
1260 3427 1385 3489 assidui.
1402 3422 1483 3483 Intcr
1501 3417 1555 3478 lios

337 3513 454 3572 medius
466 3515 579 3578 Avalm
593 3508 687 3580 aetate
699 3525 800 3596 pravis
815 3524 976 3598 qestatoria
990 3519 1063 3581 sella
1077 3520 1191 3596 elmius,
1200 3527 1297 3602 juata
1307 3522 1490 3600 pteocjorum
1505 3515 1555 3577 de·

341 3614 479 3674 curiones
488 3614 628 3697 pedibus,
638 3618 708 3678 ibat.
723 3620 801 3678 Hinc
808 3635 906 3696 parva
919 3618 1061 3677 nobilium
1075 3624 1266 3697 equitantium
1279 3639 1394 3698 manus,
1406 3624 1437 3678 in
1450 3616 1555 3694 quibus

344 3702 470 3765 Tbomas
485 3709 621 3784 Aquinas
639 3712 910 3774 Casteltioucnsium
928 3719 1062 3790 prinecps
1075 3719 1279 3791 praecipuus,·
1294 3714 1349 3773 alii
1362 3727 1488 3786 namque
1497 3727 1554 3787 pa·

340 3799 427 3856 tricii
440 3841 449 3876 ,
463 3807 519 3880 qni
530 3808 561 3862 ut
575 3809 815 3866 nanciscerentur
824 3822 912 3884 equos
925 3809 959 3865 in
970 3823 1038 3864 arco
1050 3808 1229 3878 restiterant,
1244 3809 1385 3880 tantisper
1394 3821 1435 3863 ea
1448 3816 1554 3861 caussa

340 3894 460 3968 morari,
477 3896 594 3955 tandem
609 3914 694 3957 manc
707 3896 771 3974 scre
788 3913 883 3957 mones
898 3897 988 3955 ductu
1009 3894 1134 3970 Ioseploi
1147 3894 1359 3954 Pircolominei
1378 3890 1557 3948 Vallensium

334 3984 498 4061 principis,
514 3988 657 4048 curantia
672 3989 875 4065 Hispanorum
888 3984 1015 4064 cohorte,
1031 3986 1093 4046 alia
1111 3985 1191 4045 urbis
1205 3982 1319 4060 infesta
1334 3985 1399 4044 loca
1415 3983 1559 4042 lustrata-

338 4078 379 4150 η’,
395 4082 491 4136 seretti
513 4085 591 4140 sunt.
609 4081 655 4142 lta
674 4100 730 4160 per
744 4086 912 4144 universam
931 4081 1116 4162 plebejorum
1128 4086 1273 4156 reqionem
1292 4080 1368 4140 bona
1377 4096 1454 4156 pace
1477 4078 1555 4148 eunt,

340 4170 531 4250 redeuntque,
549 4174 689 4254 Philippo
709 4175 951 4250 Vacclamantcs‚
968 4195 1003 4235 ac
1024 4181 1142 4236 interim
1157 4177 1327 4238 decuriones
1341 4174 1560 4250 nu'ssiliajace-

339 4277 384 4333 rc;
387 4269 514 4340 patricii
526 4269 671 4349 cujusque
685 4275 739 4328 imi
749 4271 785 4330 de
795 4269 881 4348 plebe
895 4270 1023 4328 limuinis
1032 4267 1211 4346 prebensarc
1225 4286 1354 4344 manum,
1369 4269 1488 4347 benique
1503 4281 1555 4340 ap

335 4352 467 4434 pellace,
482 4377 532 4419 cos
547 4366 585 4420 de
598 4361 736 4422 bononem
750 4367 879 4422 orom'um
893 4367 925 4423 in
939 4362 1113 4439 Philippum
1126 4379 1223 4437 reqcm
1237 4381 1377 4424 causamn
1401 4363 1557 4422 admonere

340 4453 367 4508 ct
380 4453 417 4512 de
429 4453 611 4516 turbantium
626 4458 767 4534 fallacia,
782 4464 880 4536 iisque
888 4463 1043 4535 propriam
1057 4462 1188 4533 ipsorum
1209 4457 1299 4532 fidem
1323 4477 1557 4531 commemorare,

340 4549 460 4605 cornitas
474 4550 606 4625 crudique
623 4555 650 4608 ct
660 4551 818 4627 popularis
832 4549 940 4609 cultus.
959 4550 1021 4609 Nec
1032 4565 1102 4608 sane
1113 4552 1273 4623 quicquam
1286 4549 1402 4610 silentio
1414 4550 1559 4626 auditum,

341 4643 480 4702 mittarve
493 4649 648 4719 eaccptum
661 4652 871 4722 praeterquam
885 4649 917 4705 in
927 4662 989 4705 nsua
999 4649 1059 4720 oia,
1071 4649 1105 4702 in
1118 4658 1207 4719 mam
1213 4644 1336 4721 patricii
1350 4661 1414 4704 cum
1428 4649 1560 4721 equitatu

345 4731 461 4809 infestis
475 4744 567 4799 aruris
578 4745 697 4818 inverti,
711 4744 781 4802 dum
797 4740 936 4820 Plcilippo
949 4741 1092 4823 rrrffiaqia
1105 4744 1222 4816 rapam,
1236 4739 1273 4799 ab
1286 4756 1345 4799 uno
1356 4746 1484 4800 munirem
1494 4758 1562 4800 rarr-

407 4839 484 4898 Vtco.
506 4847 645 4914 Opuseoli.
1431 4850 1464 4901 db
