3942 5592
1466 515 1522 576 189

362 628 475 700 paucis
487 629 557 687 ante
575 621 721 684 mansibus
735 621 777 683 ad
785 625 920 685 eruditas
934 624 1137 703 diertationes,
1151 641 1228 704 quac
1237 626 1322 702 apud
1335 622 1488 703 Prorcpem
1510 623 1565 683 lia·

368 716 526 796 bebantam
540 725 574 779 in
589 722 700 780 certam
724 718 919 779 litteratorum
931 722 1034 780 viscum
1047 723 1157 780 cactnm
1176 719 1218 781 ad
1229 722 1265 782 id
1278 725 1374 799 ipsum
1397 722 1563 780 institutum

367 811 530 891 dmorifice
553 816 713 892 admissus,
727 815 781 876 sed
802 818 835 874 in
848 818 1043 893 specianomis
1057 814 1189 892 obsequii
1209 819 1339 875 nesciam
1352 819 1379 874 ct
1391 814 1504 891 plorioc
1517 817 1566 871 in·
1589 826 1592 837 ⁴

367 907 579 983 temperantem
589 904 722 983 pesiabat
731 909 874 980 antimum,
887 923 907 964 a
920 905 1018 966 Xasio
1030 906 1392 984 Boccapatriciojuoene,
1403 921 1487 981 quem
1498 904 1564 978 bla-

368 999 443 1060 litia
458 994 696 1072 transformavit,
706 998 733 1056 et
743 1015 763 1056 a
782 997 898 1057 Tiberio
911 993 1255 1062 carcaeoinGcrmanicoc
1265 999 1479 1074 tractuspartcs
1489 1012 1570 1055 ama-

366 1086 522 1147 rulentam
534 1089 734 1164 inpraeterita
745 1085 847 1146 babuit
861 1091 896 1166 in
908 1085 1007 1146 Mento
1016 1089 1207 1164 invectivam,
1223 1103 1315 1162 eaque
1325 1085 1566 1165 qctancplurimos

362 1193 517 1255 manas,
531 1179 585 1253 qui
598 1175 635 1234 dc
648 1178 757 1235 vicinis
770 1179 845 1236 oicis
864 1178 905 1237 ad
916 1180 1038 1239 nucinas
1051 1181 1112 1237 tum
1125 1173 1202 1251 forte
1216 1179 1424 1249 convenerant,
1439 1177 1473 1232 in
1486 1173 1567 1235 sedi·

371 1275 482 1332 tionem
496 1275 663 1332 concitavit.
682 1272 755 1332 Cant
767 1270 816 1333 lois
829 1277 923 1349 ipitur
942 1277 1086 1334 etraoiori
1099 1272 1315 1350 Neapolitanae
1323 1270 1420 1348 plebis
1433 1267 1518 1345 faece
1532 1272 1565 1329 in

371 1359 536 1423 Castellum
558 1360 601 1421 ad
616 1363 787 1440 capuanam
795 1368 934 1440 portam,·
948 1383 973 1425 u
985 1364 1055 1425 olim
1068 1369 1175 1442 ,repiac
1188 1365 1287 1441 aedes,
1298 1366 1402 1441 postea
1422 1363 1570 1443 majorum

372 1449 604 1527 llaptstratnum
631 1451 803 1512 Tribuaalia
818 1457 956 1514 extracta
971 1454 1135 1529 nitendum,
1151 1458 1178 1512 et
1202 1459 1236 1514 in
1254 1458 1419 1530 praecipua
1434 1452 1569 1511 odiorum

374 1546 500 1602 materia
512 1546 641 1621 insipnis
654 1542 843 1623 indulpentia
855 1544 1039 1606 irarnmblam
1050 1548 1082 1603 ut
1092 1560 1125 1604 eo
1137 1543 1240 1605 turbae
1250 1546 1382 1604 mactaret
1392 1545 1565 1622 adveniunt,

373 1651 487 1696 nocam
499 1637 677 1716 reipublicae
690 1639 827 1717 samam,
838 1659 927 1703 novas
937 1644 1104 1718 questiones,
1118 1640 1320 1721 nooajudicia
1328 1639 1459 1718 polliciti
1471 1655 1570 1699 arcem

366 1733 493 1807 penitus
507 1728 684 1791 cantandam
701 1735 893 1809 permititur.
911 1732 959 1793 Ibi
972 1730 1087 1809 mpbati
1097 1737 1191 1808 portis
1205 1728 1360 1809 insultant,
1377 1736 1533 1809 postesque
1547 1747 1568 1789 a

377 1817 502 1882 cardiace
518 1824 638 1894 munt,
652 1817 770 1895 sameas
784 1826 877 1882 crates
890 1824 1042 1897 calmunt,
1056 1820 1194 1881 subsellia
1200 1820 1283 1901 juris
1287 1825 1491 1898 patronorum,
1506 1821 1570 1882 dta-

373 1911 556 1984 9istratnnm
580 1906 755 1970 Tribunalia
775 1908 1133 1990 cmosrinpunt,laqucaria
1153 1911 1355 1986 pessumdant,
1369 1914 1571 1989 quaestionum

362 2005 581 2097 ‚annumque
604 2008 681 2081 acta,
699 2005 792 2082 ltepni
812 2004 966 2085 latercula,
975 2007 1052 2067 disci
1061 2008 1226 2064 rationario
1249 2005 1410 2082 diripiant,
1424 2007 1568 2082 lacerant,

374 2096 526 2175 dissipant
541 2105 568 2158 et
582 2100 753 2178 incendunt,
768 2107 794 2162 ct
808 2108 897 2181 trium
910 2101 1101 2179 fertioramm
1114 2105 1211 2178 spatio
1225 2105 1323 2162 omnia
1335 2100 1507 2175 foedissime
1519 2121 1569 2164 oa·

371 2188 464 2263 dant,
480 2203 556 2264 quae
569 2186 606 2247 ab
620 2187 719 2266 liepno
732 2195 901 2270 constituto,
915 2190 1108 2266 cundoilitas,
1123 2194 1184 2249 tum
1196 2195 1327 2252 cartennis
1340 2191 1425 2253 bellis
1439 2194 1476 2253 ab
1490 2197 1570 2256 omni

371 2284 492 2360 injuria
505 2299 564 2361 per
576 2300 717 2346 summum
730 2291 911 2348 sanctitatem
926 2284 1157 2362 inauraturam.
1174 2286 1306 2349 Indead
1319 2286 1457 2350 ducentos
1471 2308 1566 2350 reose

375 2378 513 2440 modio
536 2379 711 2443 liberarant.
729 2384 788 2446 Sed
806 2381 862 2442 aiii
875 2388 1064 2464 eornmoarte
1087 2388 1192 2462 secuti,
1206 2383 1262 2443 alii
1276 2388 1414 2462 inpratiis
1432 2385 1569 2466 adducti,

373 2468 611 2556 Haatstratibcss,
626 2495 752 2555 quorum
766 2483 851 2557 copia
866 2479 959 2560 ficret,
975 2495 1088 2541 acoron
1102 2484 1267 2542 comittere.
1282 2480 1370 2555 Quod
1391 2482 1568 2560 extimum,

372 2571 427 2644 φὶ
437 2575 486 2637 rt'l
497 2572 540 2631 ad
551 2590 652 2635 sacras
668 2576 754 2635 aedes
768 2573 971 2657 conluperanl,
985 2597 1008 2639 n
1019 2569 1161 2654 utnmqac
1170 2582 1285 2655 partem
1302 2582 1468 2639 traxerunt.
1486 2579 1568 2639 Inter

372 2670 636 2729 easaoadationcm
646 2669 768 2731 Ammn'i
776 2669 931 2733 Plastenae
945 2689 1051 2736 recum
1064 2675 1197 2735 ustodiac
1205 2672 1350 2750 Ibaelecti
1362 2674 1450 2735 aedes
1459 2679 1492 2735 in
1501 2691 1572 2735 arce

372 2757 449 2814 sitas
462 2753 610 2836 diripiant
616 2781 629 2832 ,·
643 2765 672 2820 et
686 2763 755 2822 dnm
768 2766 894 2840 pisisque
915 2765 974 2826 sibi
986 2783 1045 2828 mm
1059 2765 1277 2842 cmprelcensam
1295 2767 1337 2822 iri
1351 2766 1492 2843 deposcit,
1508 2766 1564 2826 diu

371 2847 451 2904 inter
463 2848 628 2926 complures
641 2855 789 2912 certatum.
809 2854 868 2914 Sed
879 2854 993 2915 tandem
1002 2853 1129 2936 inpiam
1143 2857 1244 2912 merito
1253 2859 1429 2932 apponentes
1442 2855 1563 2932 culpari

370 2933 524 2997 nobilitate
533 2939 685 3000 dimittunt
695 2942 874 3002 incolumem.
883 2943 959 3004 Aliis
974 2944 1141 3005 moniarii
1152 2939 1325 3020 Philippum
1340 2944 1564 3023 Vipnapianam,

371 3028 487 3102 rapiam
500 3031 653 3090 criminum
667 3039 876 3112 accusatorem,
886 3033 1011 3111 fortuitis
1025 3033 1134 3092 oniam
1145 3032 1247 3114 objicit
1257 3031 1454 3109 spoliandum.
1471 3035 1568 3097 Norat

323 3206 325 3211 Ι
371 3119 453 3175 enim
464 3136 530 3180 eum
543 3127 605 3183 tum
625 3129 718 3202 ipsias
732 3131 765 3186 oi
777 3133 966 3206 mapistratus
980 3134 1038 3188 tum
1052 3129 1111 3205 qod
1123 3145 1193 3187 acer
1202 3145 1237 3187 ac
1252 3129 1345 3188 duras
1359 3133 1452 3206 mapis
1465 3132 1565 3191 videri

371 3206 462 3268 vellet
480 3212 612 3274 invisum
624 3220 651 3274 et
664 3234 792 3294 prooem,
808 3223 835 3277 et
850 3217 886 3278 cle
899 3237 934 3278 ea
946 3224 1056 3280 vicinia
1066 3217 1112 3277 clii
1125 3221 1316 3293 mapislratns
1336 3219 1431 3278 multa
1444 3225 1523 3281 ocsic
1536 3226 1566 3282 et

370 3307 452 3366 caste
462 3306 580 3386 direpti.
597 3310 675 3372 Inter
689 3311 759 3380 baec
773 3333 849 3375 ansa
860 3320 990 3394 incoepta
1004 3319 1030 3376 et
1040 3317 1098 3391 dm,
1119 3313 1312 3376 Gambacurla
1325 3312 1390 3373 dioi
1405 3314 1567 3378 Laurentii

370 3399 513 3477 temptam
535 3410 563 3464 et
576 3409 683 3467 turrim
695 3416 830 3490 occupat,
845 3415 871 3470 ct
898 3414 1119 3490 septemvirum
1135 3410 1271 3471 Civitatis
1291 3410 1474 3471 sabslmctas
1488 3413 1566 3472 turri

371 3496 472 3572 aedes,
486 3494 580 3557 lomim
589 3503 734 3562 novandis
747 3503 833 3564 rebus
847 3508 941 3583 aptat,
952 3523 1039 3584 coqne
1049 3503 1139 3562 oibns
1149 3501 1191 3562 aa
1203 3521 1286 3565 arma
1297 3507 1565 3587 conoemmajubet.

374 3591 437 3653 Sed
445 3589 530 3667 plebs
542 3609 596 3653 suo
609 3597 704 3673 ipsius
720 3601 831 3658 intesta
843 3599 933 3680 malo,
941 3604 1010 3678 jam
1025 3596 1229 3674 adissipando
1242 3598 1306 3679 ejm
1321 3600 1439 3679 collepii
1453 3606 1520 3662 acta
1533 3620 1565 3663 se

370 3697 403 3741 se
417 3679 617 3761 applicarant,
629 3690 656 3745 ct
669 3704 739 3747 sane
752 3705 813 3747 rem
828 3689 906 3749 breoi
919 3690 1099 3767 consocient,
1113 3692 1174 3748 nist
1191 3688 1324 3748 Tiberius
1342 3691 1506 3766 Caratacus
1520 3711 1569 3754 eos

378 3758 419 3830 ab
431 3776 562 3849 incoepto
580 3775 767 3854 absterreret,
781 3797 817 3839 ne
836 3798 912 3858 quae
926 3782 962 3841 ab
976 3781 1078 3860 Repibs
1091 3783 1208 3838 civitati
1230 3796 1363 3840 concessa
1377 3789 1446 3842 sarit
1460 3784 1566 3860 benefi-

372 3865 433 3938 cia,
448 3877 548 3921 eorum
562 3862 716 3927 codicillos
730 3873 756 3927 et
770 3869 1134 3948 voluminaperdantMou
1148 3872 1344 3929 munitissima
1358 3873 1446 3932 divae
1463 3876 1568 3937 Clarae

370 3957 468 4013 turris
481 3969 501 4012 a
519 3954 673 4034 &crataeis
687 3966 839 4039 occrcpata,
853 3967 880 4021 ct
895 3962 1033 4023 borreum
1042 3962 1171 4040 pblicum
1185 3965 1252 4020 ante
1266 3966 1395 4038 captum,
1410 3983 1444 4023 ac
1455 3970 1564 4029 interca

369 4059 472 4108 renim
493 4062 623 4109 carceres
641 4050 888 4130 macellariaram,
904 4055 1085 4115 navalinmct
1104 4053 1279 4110 ndlltarium
1302 4051 1430 4131 effi'acii,
1444 4055 1567 4135 direpti,

368 4143 489 4201 mardi.
507 4141 602 4217 Qtsarc
615 4142 743 4205 lacobus
762 4148 927 4208 Cantclmas
945 4149 1104 4224 Cardirdis,
1119 4150 1147 4207 ct
1162 4143 1318 4224 Ptmrppoc
1335 4149 1479 4211 Casmsias
1496 4153 1572 4216 Ion.

367 4228 459 4305 topicis
469 4229 688 4313 Irtiernuncias,
703 4255 739 4297 nc
753 4240 827 4315 quill
841 4240 988 4321 ejusmodi
1003 4245 1029 4300 ct
1049 4242 1089 4300 tis
1102 4239 1245 4298 custodiis
1260 4237 1393 4317 accidat,
1409 4250 1507 4324 ceriti,
1519 4249 1569 4310 nl·

367 4329 417 4385 tro
429 4342 493 4387 reos
507 4327 679 4390 liberarunt.
696 4331 859 4414 Itaquspcr
873 4355 946 4414 qaum
957 4340 1363 4411 minccapcamcmoraoimas
1376 4341 1443 4397 aias
1457 4345 1572 4405 tumul-

367 4426 450 4482 tuosi
470 4422 614 4505 modique,
628 4430 770 4492 districtis
789 4430 901 4508 pladiis
924 4438 975 4492 caut
995 4437 1070 4509 ipa's
1091 4434 1254 4507 tormentis,
1271 4448 1378 4508 mapna
1402 4451 1470 4493 cero
1486 4455 1566 4515 pars

359 4518 517 4592 praeustis
530 4518 665 4599 sudibus,
674 4527 727 4580 aut
736 4522 845 4584 obtusis
855 4523 973 4584 mosibus
983 4526 1138 4599 contritas
1146 4522 1287 4581 turbatim
1294 4521 1472 4602 discurrere,
1477 4537 1570 4605 pauci

366 4620 437 4665 ocra
450 4611 603 4666 reinserta
617 4627 714 4690 apere,
722 4631 780 4691 pcc
794 4613 898 4696 jocum
911 4620 1004 4693 inopis
1027 4614 1212 4680 olasciciam
1227 4610 1348 4689 reliqui.
1372 4615 1430 4676 Sed
1443 4635 1501 4680 non
1513 4625 1573 4684 m'sn

369 4697 513 4760 citissimi
522 4699 663 4782 domines,
676 4723 812 4790 nemnem,
823 4713 935 4789 imavi,
947 4730 1014 4774 acre
1027 4717 1103 4778 ctcno
1115 4725 1234 4787 procas,
1247 4711 1421 4772 criminibus
1433 4725 1572 4795 cooperti,
