3942 5592
858 652 1049 751 PARTE
1080 653 1135 749 11.

719 905 924 977 onazlotll
946 907 1004 974 ΕΙ)
1026 903 1261 976 lscnlzloltl.

916 1084 1077 1100 ι*-

882 1319 1105 1382 ORATIO

634 1509 697 1561 PRO
721 1504 985 1560 auspicattssmo
998 1504 1033 1553 tlt
1046 1503 1220 1557 ursellum
1234 1503 1352 1555 nunttu

606 1619 782 1725 mmcrscr
802 1639 991 1722 nmavmn'*
1005 1665 1033 1720 s.
1056 1661 1224 1719 succuum
1241 1663 1379 1723 connis

750 1851 846 1898 U'QUB
856 1850 885 1889 tn
894 1848 988 1888 naono
999 1846 1081 1888 Nm·
1094 1844 1146 1888 PRO
1155 1843 1227 1884 EBG!

921 1998 1048 2077 (iasa)

412 2270 935 2352 St,Excellentissimeurtnceps,pro
947 2268 1150 2343 tuissurumis,
1160 2269 1602 2348 praeclarisatqneimmortali·

373 2360 917 2430 busbeuoliciisiunostramcivitatem
927 2361 1600 2441 perpetuaeulilitatiscaussacollatisgratias,

375 2464 505 2526 ulotticii
514 2461 593 2523 ratio
601 2459 743 2538 postulat,
751 2458 883 2517 omnium
891 2455 1029 2519 ordinum
1037 2457 1153 2518 nornine
1162 2460 1396 2537 agerevelimus‚
1413 2475 1553 2520 ueremur
1565 2474 1602 2517 ne

375 2561 498 2618 tuorum
514 2571 585 2633 erga
597 2569 651 2615 nos
665 2552 843 2612 meritorum
854 2549 958 2626 copiae
970 2554 1073 2610 nostra
1087 2551 1182 2628 inopia
1194 2552 1322 2628 dicendi,
1336 2552 1523 2629 amplitudini
1536 2567 1603 2610 ora·

376 2650 465 2710 tionis
477 2648 611 2722 exilitas,
629 2644 843 2706 immortalitati
863 2659 1007 2722 perquam
1023 2644 1131 2704 breves
1140 2647 1224 2707 nobis
1232 2647 1269 2709 ad
1277 2646 1423 2708 idmnuus
1431 2647 1604 2723 persolven-⁸

376 2748 448 2808 dum
462 2745 623 2822 angustiae
643 2740 830 2820 temporibus
844 2740 1100 2819 circumscriptae,
1116 2759 1172 2804 non
1188 2760 1291 2821 parva,
1308 2745 1398 2806 immo
1420 2744 1549 2805 maxima
1562 2760 1598 2803 ex

376 2846 461 2920 parte
475 2841 538 2902 sint
553 2840 739 2901 detractura.
754 2837 870 2898 Etenim
885 2853 961 2913 quae
978 2842 1057 2898 tanta
1074 2843 1179 2916 potest
1191 2857 1317 2916 usquam
1333 2840 1461 2902 existere
1478 2841 1601 2900 ubertas

377 2939 499 3018 ingenii,
517 2954 595 3015 quae
616 2942 676 2998 lam
704 2936 896 3008 incredibilis,
910 2952 945 2997 ac
965 2936 1041 2998 adeo
1063 2953 1130 2997 rara
1145 2938 1296 3014 divinitas,
1314 2943 1348 3000 ut
1373 2939 1510 2999 universa
1535 2943 1599 3008 tua,

379 3033 489 3110 quibus
515 3047 571 3092 nos
584 3036 706 3108 ornatos
720 3028 852 3103 voluisti,
866 3030 1030 3107 promerita
1046 3030 1071 3088 si
1087 3029 1185 3091 minus
1200 3030 1310 3107 verbis,
1326 3036 1416 3107 queat
1429 3034 1526 3090 mente
1544 3032 1602 3089 sal·

381 3136 439 3192 tem
454 3134 488 3191 et
498 3127 683 3207 cogitatione
696 3123 873 3204 complecti?
884 3126 1129 3203 Quandoquidem
1141 3132 1207 3189 aule
1221 3132 1286 3201 tua,
1299 3146 1352 3190 seu
1366 3131 1468 3207 polius
1485 3129 1599 3202 nostra,

381 3226 553 3288 felicissima
579 3230 712 3302 tempora
728 3224 915 3284 obvenerunt
934 3227 1018 3284 certe
1035 3225 1121 3285 nobis
1135 3226 1291 3287 clarissimi
1314 3231 1404 3304 atque
1420 3223 1602 3287 ornatissimi

380 3321 446 3394 riri,
461 3319 515 3396 qui
532 3320 560 3378 in
575 3318 632 3378 troc
647 3331 739 3393 reguo
752 3315 943 3393 gubernando
958 3316 1156 3393 potentissimi
1180 3319 1273 3378 nostri
1288 3319 1495 3396 Hispaniarum
1511 3317 1603 3394 {legis

381 3416 457 3477 rices
471 3419 514 3476 ita
527 3416 556 3476 in
571 3416 673 3491 aliquo
683 3413 833 3491 regiarum
846 3414 992 3474 virtutum
1007 3431 1117 3490 genere
1128 3416 1274 3493 praeclari
1288 3419 1461 3495 gesserunt,
1475 3418 1508 3474 ut
1520 3414 1603 3494 apud

382 3531 434 3575 nos
455 3514 667 3575 honestissima
691 3512 737 3574 sui
754 3511 861 3572 vicarii
885 3512 1071 3589 Principum
1093 3517 1282 3575 monumenta
1306 3515 1493 3591 reliquerint.
1512 3511 1552 3573 tt
1574 3512 1600 3571 si

384 3622 433 3666 eos
447 3625 552 3668 omnes
568 3611 668 3667 tecum
680 3607 879 3682 conteramus,
898 3606 923 3666 si
938 3607 1033 3666 omnia
1051 3609 1192 3685 temporis
1207 3610 1335 3671 anteacti
1350 3609 1518 3671 discrimina
1532 3626 1604 3669 curn

385 3699 428 3761 bis
443 3716 663 3777 comparemus,
677 3699 703 3759 in
715 3700 824 3776 quibus
835 3701 941 3760 civitas
953 3705 1054 3761 nostra
1068 3703 1265 3779 undequaque
1278 3704 1415 3781 periculi,
1428 3704 1546 3762 timoris
1558 3705 1603 3762 at-

328 3812 330 3825 *
386 3808 441 3868 quc
453 3792 664 3854 sollicitudinis
675 3793 758 3871 plena
774 3793 886 3853 dudum
900 3796 1018 3853 uersata
1027 3799 1087 3869 est,
1101 3812 1136 3854 ac
1147 3794 1184 3855 ab
1197 3796 1299 3856 iisdem
1312 3814 1328 3856 a
1341 3800 1372 3856 te
1384 3794 1525 3873 singulari
1538 3797 1603 3854 stu·

388 3891 445 3966 dio,
460 3897 554 3968 atquc
579 3907 683 3969 opera,
700 3907 816 3951 summa
836 3889 994 3969 prudentia
1017 3896 1107 3968 atque
1122 3893 1306 3953 auctoritate
1326 3894 1469 3966 liberata,
1485 3895 1517 3949 tu
1534 3906 1606 3967 prae

388 3989 492 4050 ceteris
503 3990 645 4050 omnibus
657 3995 775 4049 nostrae
805 3988 1087 4066 patriaedolumen,
1105 3996 1137 4050 tu
1154 3995 1322 4052 nostrorum
1337 3992 1444 4053 civium
1463 3988 1606 4049 Servatur

388 4083 468 4144 nobis
480 4083 621 4143 omnibus
642 4081 753 4141 rideris
768 4081 913 4142 divinitus
932 4082 1087 4160 obtigisse.
1104 4084 1172 4156 Qui,
1191 4102 1259 4145 cum
1284 4085 1311 4145 in
1334 4084 1450 4158 Europa
1466 4082 1605 4142 universa

389 4177 479 4238 omnia
489 4175 669 4255 gravissimo
682 4175 998 4252 truculentissimoque
1010 4175 1087 4236 bello
1098 4178 1235 4255 perculsa
1247 4194 1281 4237 ac
1293 4180 1445 4256 prostrata
1458 4175 1606 4251 jacerent,

390 4290 496 4351 paoem,
512 4275 620 4349 otium,
636 4275 883 4351 tranquillitatem
896 4276 923 4333 in
935 4275 992 4334 hoc
1003 4290 1106 4352 regno,
1120 4279 1212 4350 atque
1225 4275 1252 4333 in
1265 4276 1319 4334 lrac
1334 4275 1419 4350 urbe,
1429 4275 1511 4351 regni
1522 4291 1606 4347 arce,

390 4369 494 4450 lusisti,
513 4371 565 4449 qui
587 4372 793 4433 crudelissima
817 4372 1078 4447 funestissimaque
1094 4375 1181 4447 peste
1197 4372 1272 4430 intra
1296 4373 1497 4448 nosmetipsos
1520 4369 1605 4448 regni

391 4471 529 4530 terminos
554 4470 693 4543 advecta,
709 4487 744 4530 ac
759 4469 818 4545 jam
835 4469 952 4530 saeuire
968 4472 1138 4545 coeptante,
1155 4470 1233 4529 aeris
1247 4469 1456 4530 minoritatem
1471 4467 1606 4543 coelique

390 4563 569 4624 clementiam
592 4562 715 4624 urbibus
730 4563 837 4624 morbo
851 4563 963 4623 affectis
984 4561 1158 4634 restituisti,
1179 4562 1306 4623 urbibus
1321 4579 1337 4622 a
1351 4562 1454 4623 nrorbo
1471 4560 1608 4620 immuni·

390 4657 441 4719 bus
465 4662 664 4726 conservasti.
679 4663 747 4737 Qui,
764 4680 832 4724 cum
857 4663 953 4722 omnia
975 4662 1013 4722 de
1028 4661 1150 4721 meliore
1174 4666 1242 4723 nota
1264 4664 1410 4723 bonarum
1432 4660 1555 4727 artium,
1571 4675 1607 4719 ac

389 4753 500 4816 atilium
515 4757 711 4816 scientiarum
727 4754 827 4816 studia
842 4760 903 4816 tam
918 4754 1039 4828 misere,
1055 4758 1178 4831 tamque
1194 4754 1278 4816 loede
1290 4755 1436 4832 jacerent,
1454 4752 1539 4812 atde
1556 4766 1606 4810 ne-

389 4850 591 4930 minisgloria,
608 4853 656 4913 cui
669 4853 747 4932 apud
762 4853 940 4930 quemlubet
954 4858 1090 4916 exteram
1105 4852 1310 4918 doctissimam
1324 4842 1609 4926 nationem'compa·

453 4944 531 5005 Vasa.
552 4944 691 5018 opusculi.
1421 4947 1459 5001 ta
