3942 5592
1533 531 1564 588 ll

391 661 452 723 uta,
471 644 568 721 Finis,
583 641 707 724 lffecia,
723 648 785 704 sice
795 657 952 719 personae,
967 659 1021 702 seu
1034 640 1104 720 loci,
1114 659 1167 703 sca
1179 647 1332 718 ternporis5
1353 642 1396 702 ad
1409 658 1495 718 quon
1509 639 1605 700 locum

389 726 473 804 sefer
487 723 670 800 Famtltolcs,
687 723 873 796 occasiones,
888 725 915 780 et
931 720 1143 793 lustramenta
1159 722 1201 781 ad
1213 722 1287 781 ltoec
1301 721 1534 797 Antecederetia,
1552 724 1605 783 Co-

388 808 536 883 mitantia,
553 806 778 884 Consequentia,⁸
796 802 925 879 Similia,
943 803 1125 880 Dissimilia,
1145 802 1362 879 Coupraeotia,
1378 801 1603 881 depugnantis,-

389 889 450 948 iria
466 886 674 963 oppositorum
686 901 811 961 genera,
825 898 927 959 nempe
944 881 1122 959 Contraria,
1147 880 1322 957 meando,
1340 882 1603 956 Contremuere,-

386 969 540 1044 praeierea
557 964 675 1040 llelata,
694 966 882 1041 Comparate,
896 962 1133 1040 reperiissent
1142 963 1270 1040 Maiora,
1286 960 1392 1039 steria,
1408 963 1537 1023 Minora.

429 1048 472 1109 lli
482 1044 541 1104 loci
553 1050 622 1108 mut
635 1044 729 1105 velati
742 1043 882 1105 camena
895 1045 1067 1120 arguendi:
1083 1045 1251 1120 qacrertisi
1272 1057 1320 1101 eos
1333 1042 1449 1116 molta,
1474 1046 1502 1102 et
1514 1049 1602 1103 eona

388 1129 558 1189 eruditione
569 1124 804 1202 locupletaveris,
819 1120 926 1184 similis
936 1126 996 1182 eris
1010 1129 1087 1200 etas,
1102 1127 1157 1202 qai
1169 1125 1224 1183 scil
1238 1121 1358 1200 quidem
1377 1122 1492 1203 literas,
1503 1121 1558 1181 sed
1570 1128 1599 1182 ei

388 1211 537 1286 empturo
549 1206 637 1266 volsa
657 1221 717 1264 uon
730 1207 899 1282 suppetant,
911 1206 944 1260 in
958 1221 1034 1280 qaae
1046 1203 1152 1266 literae
1165 1207 1276 1263 coeant.
1290 1199 1428 1264 Indidem
1442 1203 1529 1281 lorspo
1541 1201 1602 1262 des-

388 1287 511 1351 rerendi
531 1303 590 1347 asa
604 1291 637 1345 irs
651 1289 689 1346 iis
703 1302 735 1344 re
748 1288 909 1345 exercitam
923 1299 986 1342 esse
1000 1301 1116 1345 necesse
1139 1287 1201 1360 est,
1220 1285 1253 1342 at
1273 1285 1401 1360 topicam
1422 1280 1601 1359 facultates

389 1371 543 1429 &secedas
557 1384 620 1427 esse
634 1367 761 1441 dicaris,
771 1363 825 1425 lsoc
834 1369 889 1440 est,
904 1367 937 1422 al
950 1365 983 1421 iu
998 1370 1103 1442 quasis
1112 1366 1269 1442 proposita
1282 1368 1452 1440 qaaeslimee
1474 1382 1516 1424 ee
1530 1367 1602 1422 tem-

385 1463 473 1526 pore,
485 1447 566 1508 iocos
581 1462 678 1507 omues
692 1460 783 1522 quoru
798 1444 958 1518 celerrime,
971 1447 1063 1503 iaxta
1076 1463 1111 1504 ae
1124 1441 1276 1522 alphabeti
1294 1443 1401 1504 literas
1415 1448 1449 1504 in
1463 1444 1598 1523 legendo,

386 1545 561 1607 percurras·
576 1544 636 1587 uon
649 1531 746 1586 tamen
760 1529 792 1585 at
804 1529 838 1584 iu
851 1521 984 1585 mnibus
999 1530 1134 1586 luceiae
1149 1527 1323 1602 argumenta
1350 1519 1458 1604 (nepae
1471 1528 1549 1585 etim
1562 1522 1601 1583 te·-

389 1614 469 1670 teroe
483 1624 581 1669 mones
595 1609 638 1669 ael
650 1604 777 1684 quodvis
788 1605 905 1665 verbam
918 1603 1094 1684 legendam,
1109 1604 1161 1668 sed
1172 1604 1293 1681 aliquae
1307 1620 1347 1663 ex
1368 1605 1503 1667 ammius
1517 1602 1601 1663 colli·

388 1683 526 1768 mmor),
540 1689 594 1750 sed
605 1692 638 1748 ut
650 1692 744 1746 cenas
753 1689 806 1762 sis,
818 1701 893 1763 pane
904 1689 938 1746 in
947 1700 979 1745 re
989 1689 1103 1765 insum,
1114 1690 1140 1747 et
1150 1686 1193 1746 orl
1204 1701 1268 1745 rem
1278 1687 1348 1746 svor
1362 1683 1598 1769 cffeaapidisse

390 1773 501 1831 cunda.

834 1921 982 1972 stettein
997 1922 1151 1973 Loconutt

430 2073 502 2136 Ere
516 2077 613 2138 tomen
635 2077 763 2138 abitror
776 2076 826 2138 iric
841 2076 972 2140 tuaene
985 2075 1127 2154 exernpla
1139 2079 1252 2139 amau
1265 2083 1457 2160 ammte,
1473 2078 1596 2156 amuda

385 2155 503 2216 tradere
511 2161 672 2236 praecepto
684 2162 804 2220 nostroe
811 2160 987 2235 provinciae
1000 2174 1061 2217 uon
1074 2160 1127 2218 est.
1222 2182 1224 2184 ·

875 2334 895 2379 tt
905 2331 1113 2381 nnntntrtortn

428 2487 463 2548 Si
474 2489 609 2546 amicitia
623 2491 666 2547 est
676 2484 860 2547 necessitudo
871 2485 1023 2558 inumera·
1044 2488 1100 2547 iste
1113 2485 1333 2550 scelestissimus
1350 2486 1445 2566 imno,
1461 2491 1516 2564 qai
1525 2486 1597 2564 fieri

385 2569 493 2646 potest,
502 2571 536 2626 ol
547 2571 613 2628 ciro
627 2571 738 2644 optimo
752 2567 871 2631 Amicus
881 2567 940 2628 sit?

383 2906 530 2976 efficiente,
547 2905 573 2962 ln
586 2907 711 2973 materie,
728 2903 753 2959 ln
767 2905 865 2970 lormn,
880 2904 899 2960 il
915 2904 966 2961 line
977 2904 998 2976 l,
1014 2906 1053 2977 gli
1062 2906 1158 2975 edetti,
1174 2906 1190 2961 il
1204 2907 1350 2973 subbietto,
1364 2909 1404 2979 gli
1419 2908 1550 2980 nggiunti,
1567 2912 1589 2965 sl

384 2984 411 3040 di
421 2982 490 3040 coss
503 2984 554 3039 che
568 2981 594 3037 di
607 2996 750 3053 personne
764 2979 790 3036 di
804 2979 887 3051 lungo
901 2996 916 3036 e
931 2980 956 3035 di
971 2982 1120 3051 tempoli
1134 2980 1198 3053 quel
1212 2982 1294 3054 luogo
1305 2983 1448 3054 riporterni
1464 2985 1488 3039 le
1501 2985 1590 3042 lacot·

383 3060 431 3129 tn,
447 3059 472 3116 le
486 3058 632 3130 occasioni,
647 3055 682 3128 gl’
694 3054 866 3125 istromenti3
888 3071 903 3111 e
918 3069 933 3110 n
946 3057 1037 3127 questi
1062 3056 1102 3129 gli
1124 3057 1292 3114 antecedenti
1307 3095 1315 3124 ,
1344 3060 1351 3112 i
1372 3060 1588 3131 concomitanti,

382 3135 393 3190 i
407 3133 597 3208 eonseguentl,
613 3135 621 3188 i
637 3131 727 3200 simili,
742 3134 751 3186 i
765 3129 899 3193 dissimili,
914 3132 921 3185 i
935 3133 1109 3204 congruenti,
1126 3133 1132 3185 i
1147 3132 1319 3204 repugnanti,
1335 3132 1342 3186 i
1357 3139 1397 3189 tre
1412 3135 1503 3205 generi
1517 3135 1589 3208 degli

382 3212 569 3282 oppositi,che
582 3224 649 3264 sono
661 3208 668 3262 i
679 3207 811 3276 contrari,
823 3204 830 3259 i
842 3206 976 3278 privativi,
989 3208 997 3262 i
1011 3207 1354 3280 contrnddittori3inoltrei
1367 3209 1481 3281 relativi,
1494 3210 1501 3264 i
1515 3226 1592 3268 corn·

382 3290 483 3359 parati,
498 3285 548 3343 trn’
559 3283 631 3357 quali
644 3299 711 3337 sono
726 3285 734 3338 i
748 3281 894 3355 maggiori,
908 3284 917 3337 i
931 3283 1001 3355 pori,
1016 3283 1143 3340 intincti.

421 3359 476 3421 Son
489 3362 579 3434 questi
592 3358 686 3430 luoglri
700 3361 778 3430 qtinsi
793 3359 830 3430 gli
845 3357 969 3415 elementi
983 3359 1046 3415 dett
1058 3366 1265 3432 argumentare,
1282 3360 1288 3414 i
1307 3359 1380 3432 quali
1394 3376 1423 3416 se
1437 3378 1491 3416 non
1505 3364 1591 3420 arrie-

383 3438 468 3497 clrirni
481 3439 509 3496 di
523 3437 609 3494 molta
623 3451 637 3490 e
652 3437 726 3492 varin
738 3435 906 3504 erudizioue,
924 3437 996 3491 sarni
1010 3434 1098 3490 simile
1111 3435 1137 3491 di
1152 3434 1247 3498 colui,
1263 3435 1315 3491 elne
1329 3454 1359 3492 sn
1373 3435 1397 3490 le
1411 3435 1527 3508 lettere,
1547 3456 1592 3496 nte

381 3514 453 3572 nelle
467 3516 588 3570 scrivere
602 3525 655 3565 non
669 3527 698 3566 ss
712 3510 907 3584 congiungerle
918 3510 944 3565 in
955 3511 1058 3583 parole.
1074 3511 1121 3566 Ne'
1133 3510 1274 3567 medesinri
1284 3527 1336 3567 con
1350 3513 1436 3584 lungo
1449 3512 1590 3585 disputare

381 3591 498 3648 eonvien
513 3591 534 3646 ti
548 3585 653 3645 esercitl
666 3626 673 3652 ,
688 3603 737 3659 per
752 3587 899 3658 conseguir
911 3593 1068 3644 veramente
1082 3586 1107 3642 ln
1120 3585 1220 3657 Topica
1233 3595 1293 3643 erte
1308 3627 1316 3657 ,
1331 3588 1396 3644 vuol
1410 3588 1466 3644 dire
1480 3590 1587 3646 accioc-

380 3665 434 3724 che
447 3668 473 3723 in
488 3668 618 3724 ciascunn
633 3663 752 3735 quistion
774 3668 924 3734 propostn,
947 3661 991 3718 ell’
1003 3662 1167 3733 improuiso
1189 3663 1252 3717 tutti
1266 3664 1272 3717 i
1294 3663 1387 3735 luoghi
1401 3664 1588 3722 velocissime·

380 3748 470 3799 mente
484 3751 514 3799 tu
527 3757 608 3812 posse
622 3737 744 3795 rinndere
755 3753 770 3792 e
780 3738 915 3793 ricorrere
927 3737 935 3810 l
946 3753 1025 3795 come
1036 3738 1062 3794 le
1074 3737 1168 3794 lettere
1180 3736 1245 3794 dell'
1253 3737 1378 3795 nttnbeto
1388 3740 1414 3794 in
1425 3739 1557 3812 leggendo
1568 3742 1589 3814 );

380 3834 435 3874 non
448 3815 551 3889 perche
564 3818 592 3871 in
606 3816 720 3871 ciascun
730 3813 812 3886 luogo
826 3812 904 3869 debbi
918 3821 1009 3869 trever
1020 3814 1058 3886 gli
1069 3813 1218 3885 argumenti
1233 3815 1302 3883 lohe
1317 3831 1369 3869 non
1385 3821 1455 3871 tutte
1470 3816 1495 3871 le
1510 3817 1587 3874 lette·

381 3909 412 3951 re
426 3895 447 3949 si
461 3891 637 3964 rnecogliono
650 3906 700 3962 per
710 3890 819 3960 leggere
829 3888 959 3950 ciascuno
971 3890 1076 3960 pnroln,
1092 3906 1136 3946 ure
1150 3890 1249 3945 elcune
1259 3888 1302 3945 lrn
1313 3891 1401 3961 tutte)
1416 3892 1509 3958 ,bensl
1521 3908 1587 3963 per·

378 3967 431 4026 elsi
444 3969 477 4025 sii
490 3974 568 4026 certo
582 3967 608 4023 d’
619 3982 699 4023 avere
713 3972 804 4023 scorta
817 3966 880 4038 ogni
894 3980 976 4037 cose,
992 3966 1042 4021 che
1057 3965 1109 4022 nlla
1122 3973 1220 4022 nntnrn
1232 3964 1274 4023 del
1288 3967 1423 4023 subbietto
1437 3977 1585 4039 apparten-

379 4061 425 4117 gs,
440 4062 456 4102 o
471 4045 495 4101 le
509 4045 531 4100 si
545 4045 659 4100 necasti.

833 4182 944 4223 nsnnrnr
965 4168 1128 4229 nn’nunenr.

416 4316 450 4370 lli
465 4312 557 4369 nvviso
570 4326 663 4368 essere
677 4309 720 4366 nll’
733 4325 805 4380 uopo
819 4311 865 4383 qul
880 4325 963 4383 porre
975 4310 1126 4367 solamente
1138 4310 1178 4384 gli
1191 4310 1305 4380 esempli
1315 4308 1359 4368 de‘
1373 4310 1498 4386 luoghi5
1513 4312 1588 4386 gite·

377 4388 527 4457 chedarne
540 4390 547 4445 i
560 4386 675 4460 precetti
689 4402 742 4441 non
755 4385 770 4441 e
785 4385 812 4442 di
825 4393 920 4443 nostra
934 4387 1086 4468 provincis.

842 4560 924 4602 utils
944 4562 1123 4603 Dssnntzwtttt.

416 4711 450 4766 Se
465 4709 483 4764 l’
496 4707 617 4764 amiciris
630 4707 645 4765 e
659 4707 867 4766 dimestiehezzn
880 4725 895 4765 e
908 4714 987 4783 qstnsi
1001 4711 1141 4781 parentela
1155 4711 1197 4768 de’
1208 4712 1301 4781 buoni,
1319 4710 1393 4769 eont‘
1406 4723 1483 4767 esser
1500 4716 1583 4780 puotc

376 4785 428 4844 elne
442 4785 572 4857 cotestui,
587 4784 822 4857 scelleratissinto,
838 4786 926 4846 emico
940 4789 978 4847 sin
991 4788 1018 4847 di
1031 4788 1117 4847 ottisn¹
1127 4789 1236 4848 nomo?
