3942 5592
462 506 519 568 itu

423 616 451 671 et
465 613 614 677 latitantes
628 616 676 677 uel
697 636 716 678 a
740 615 853 677 timidis
867 612 947 691 sorte
960 615 1100 690 opprimi.
1113 612 1161 675 lta
1175 617 1273 692 reqiae
1295 619 1398 676 mortis
1412 616 1641 684 abnnnciatione

422 705 550 784 decreta,
566 709 715 786 extemplo
726 708 843 771 Petrum
858 705 985 767 titulum
996 703 1214 781 Mostellonium
1228 705 1378 767 tribunum
1387 707 1484 784 plebis
1494 717 1639 772 accersiri

419 799 525 873 jussit,
541 803 625 874 eique
638 802 759 862 inundat
772 803 806 858 ut
815 802 918 875 prima
932 797 997 857 lace
1012 794 1182 857 decuriones
1194 813 1254 856 nno
1264 798 1420 876 eodemque
1433 805 1559 878 temporo
1571 821 1639 865 eon-

421 894 512 968 oooet,
529 910 586 969 quo
607 910 677 954 suos
700 901 826 972 quisque
841 892 963 954 tribules
988 893 1025 951 de
1042 892 1127 969 lleqis
1141 896 1233 953 morte
1247 909 1283 953 ao
1297 898 1466 957 testamento
1489 900 1632 962 edoceret.

421 987 494 1047 Mose
510 990 546 1050 de
559 995 737 1067 orqmioriis
750 995 858 1054 raensis
871 988 1036 1063 consultat,
1048 1004 1116 1047 nam
1130 994 1155 1049 is
1169 993 1300 1052 ciuitatis
1312 1009 1373 1051 mos
1386 997 1441 1071 est,
1456 999 1488 1053 ut
1501 995 1545 1053 ibi
1555 1001 1637 1058 cives

416 1084 562 1155 pecunias
583 1084 791 1144 custodiendas
811 1081 970 1160 deponant,
984 1085 1012 1139 et
1020 1097 1077 1157 per
1090 1083 1238 1159 ejusmodi
1257 1088 1497 1162 arqenturiorum
1520 1087 1636 1150 tabulas

419 1189 479 1232 non
492 1178 622 1237 ciuitatis
634 1178 731 1254 modo,
742 1175 795 1236 sed
804 1180 893 1236 totiens
904 1177 1106 1236 commercium
1120 1178 1205 1252 requi
1215 1179 1352 1252 aqttetur.
1364 1177 1435 1236 Cum
1446 1183 1539 1257 iqilur
1549 1186 1638 1241 timor

423 1268 562 1347 subesset,
577 1288 614 1330 ne
626 1288 660 1330 eo
673 1276 842 1347 interreqno
864 1273 996 1330 nnio-erui
1018 1274 1095 1330 cives
1108 1273 1269 1345 repeterent
1290 1275 1416 1350 quisque
1430 1291 1529 1353 suum,
1543 1279 1636 1353 idque

421 1360 502 1420 douri
515 1378 579 1422 curn
592 1370 682 1439 rnetu,
696 1380 786 1442 quom
795 1370 827 1424 in
840 1361 947 1423 mensis
961 1378 1028 1421 cnm
1037 1362 1173 1438 periculo
1186 1379 1248 1423 esso
1260 1363 1393 1442 mallent,
1405 1370 1504 1444 itaque
1517 1385 1634 1430 mensae

421 1458 538 1515 omnino
553 1455 795 1533 decoquerentur,
809 1460 836 1515 et
857 1459 1059 1516 commercium
1079 1455 1290 1531 impediretur.-
1305 1475 1321 1517 e
1339 1474 1372 1516 re
1384 1464 1478 1521 uisum
1490 1464 1538 1520 uti
1549 1477 1635 1521 num-

421 1549 545 1609 mularii
560 1569 601 1611 ece
614 1554 734 1629 tabulis,
748 1550 835 1628 infru
847 1534 1130 1612 eentum'aureorum
1143 1567 1339 1629 nummorum,
1355 1557 1469 1631 accepti
1489 1555 1630 1628 solidum,-

422 1660 515 1720 supra
527 1664 595 1707 uero
607 1664 671 1707 eom
685 1662 840 1720 summam,
855 1643 1048 1722 quadrantem
1062 1642 1220 1701 dumtoscot
1229 1647 1439 1722 expenderunt,
1453 1651 1636 1708 menstruum

422 1745 529 1821 cuique
550 1745 646 1801 uictus
666 1746 843 1818 vestitusque
856 1739 1030 1801 subsidium.
1046 1738 1092 1798 Ne
1104 1741 1201 1798 tamon
1213 1743 1288 1817 reqit
1307 1739 1343 1798 de
1352 1744 1538 1817 priuatorum
1551 1741 1635 1801 bonis

418 1838 614 1898 rrsoderotores
629 1839 807 1910 uiderentur,
817 1833 933 1912 plocuit
955 1837 987 1892 ut
1001 1840 1054 1911 qui
1064 1836 1172 1895 mensis
1181 1839 1366 1912 praeessent,
1381 1840 1443 1912 ipsi
1456 1835 1493 1895 ab
1510 1834 1636 1915 Proreqe

416 1934 558 2004 proximo
581 1932 630 1991 die
650 1948 723 2007 quo,
739 1946 805 1989 curn
817 1927 916 2004 festus
929 1934 1016 2004 esset,
1031 1944 1096 1988 curn
1110 1926 1317 1986 nummulariis
1332 1945 1418 2006 apere
1442 1945 1503 1988 nou
1515 1928 1635 2005 licebat,

418 2028 585 2099 opportuna
598 2031 626 2086 ei
636 2027 714 2089 ruolo
725 2026 851 2086 remedia
859 2026 1056 2103 postularent.
1071 2026 1148 2086 Hinc
1162 2041 1197 2083 ne
1209 2028 1270 2082 ima
1279 2023 1363 2100 plebs
1374 2026 1469 2085 ultam
1481 2032 1636 2087 nancisca-

417 2120 467 2174 tur·
490 2133 622 2195 cansam,
636 2136 696 2197 quo
708 2123 789 2196 jure,
805 2135 899 2195 quum
920 2123 1040 2196 injuria
1053 2121 1182 2178 ciritotis
1204 2122 1312 2175 statum
1327 2116 1485 2193 labefactet
1500 2115 1518 2197 (
1526 2125 1576 2181 eui
1590 2127 1636 2180 rei

417 2209 474 2271 soli
487 2216 606 2276 ridetur
626 2213 791 2295 intendere)
807 2217 844 2277 de
857 2217 990 2277 uberiori
1010 2231 1129 2276 eennona
1143 2212 1317 2288 consultum,
1334 2218 1362 2274 et
1382 2219 1540 2291 septemvir
1551 2232 1632 2275 ruem

417 2303 516 2360 struus
531 2305 637 2365 oedilr's
652 2304 832 2381 admonitus,
853 2311 884 2364 ut
899 2306 1021 2385 benique
1041 2307 1078 2366 de
1084 2306 1252 2381 ponderum
1265 2306 1293 2363 et
1305 2318 1510 2364 minaeorum
1522 2309 1637 2383 iiiiqui-

418 2393 476 2448 tote
490 2395 517 2449 ct
532 2391 568 2450 de
582 2393 765 2453 obsoniorum
775 2397 856 2453 uitiis
871 2399 1068 2471 coqnosceret,
1079 2397 1105 2451 et
1119 2409 1215 2468 aequo
1225 2393 1415 2470 clementique
1420 2396 1634 2479 jurisdictione

417 2489 550 2546 uteretur
555 2508 568 2556 ,-
583 2502 673 2561 neque
686 2487 780 2546 onnes
789 2504 904 2564 poenas
918 2505 954 2548 ac
968 2488 1098 2567 difficilis
1113 2491 1250 2566 quaestor
1263 2492 1407 2563 eniqeret.
1427 2486 1583 2549 Praeterea
1598 2506 1638 2551 ne

417 2585 625 2643 sericoriornm
638 2597 743 2659 corpus
758 2586 862 2644 misere
869 2602 927 2662 per
940 2590 1028 2646 otium
1039 2583 1170 2644 tabescat
1187 2578 1204 2661 (
1213 2586 1224 2640 i
1227 2582 1248 2640 d
1261 2587 1341 2640 enim
1351 2587 1393 2641 est
1405 2581 1562 2645 incivitate
1574 2600 1634 2642 ora·

416 2680 500 2737 nium
521 2671 702 2756 monimum)
717 2692 820 2736 eorum
842 2683 981 2756 maqistro
1002 2680 1149 2756 neqotium
1170 2674 1283 2750 dolum,
1299 2679 1331 2734 ul
1356 2680 1396 2735 iis
1410 2679 1518 2754 utqinti
1535 2676 1634 2736 roilliu

414 2766 518 2845 pondo
534 2773 621 2829 serici
633 2767 859 2830 teneudolocet.
877 2767 952 2829 Inde
966 2774 1100 2830 animum
1110 2769 1152 2829 ad
1161 2764 1338 2828 meardendos
1350 2784 1446 2846 arces,
1457 2767 1562 2843 quibus
1573 2773 1636 2828 turn

415 2859 519 2920 licebat
529 2861 705 2937 praesidiis,
723 2859 839 2938 appulit
847 2882 860 2931 ,-
876 2865 965 2937 utque
979 2864 1012 2921 in
1024 2879 1075 2924 cus
1087 2859 1201 2920 ciboria
1215 2864 1243 2920 et
1257 2858 1327 2919 betti
1340 2866 1514 2921 comerseatus
1527 2866 1635 2938 inpor-

417 2959 478 3015 turi
489 2959 589 3015 currit:
602 2957 629 3013 et
651 2956 684 3012 iu
690 2959 796 3033 prirrris
811 2971 871 3014 aroc
892 2957 933 3015 ad
946 2954 1106 3015 Mercatum
1119 2953 1283 3039 adstructo,
1306 2971 1395 3032 quom
1419 2957 1534 3014 tensior
1541 2955 1629 3032 plebs
1672 3001 1676 3009 .

417 3055 527 3109 circum
546 3047 671 3128 liabitat,
685 3050 779 3110 milite
798 3047 985 3133 'ooufimnalm
1001 3063 1087 3127 quem
1100 3065 1133 3107 eo
1146 3047 1356 3126 manipulatim
1369 3054 1541 3110 immiserat.
1561 3051 1635 3110 Orto

413 3147 473 3223 die,
488 3150 594 3203 ornatu
607 3143 734 3204 dolorem
748 3149 903 3205 accusante
915 3150 942 3204 et
954 3143 1041 3202 cultu
1051 3148 1084 3203 in
1094 3146 1268 3206 rrioestitiom
1282 3159 1435 3220 expresso,
1451 3144 1493 3203 ad
1503 3141 1634 3220 correptu-

413 3257 459 3299 res
472 3243 677 3316 iniquinatus,
693 3241 804 3302 nobiles
815 3243 842 3298 et
856 3242 1001 3300 modestos
1016 3244 1107 3317 ciues,
1118 3241 1170 3316 qui
1184 3241 1244 3294 turn
1253 3236 1332 3312 sorte
1346 3239 1387 3296 ud
1393 3253 1510 3313 preces,
1524 3241 1580 3315 qui
1591 3239 1635 3297 ad

415 3336 551 3416 officium,
566 3344 620 3415 qui
629 3343 671 3402 ad
684 3338 857 3401 relationem
873 3343 1079 3416 convenerant,
1093 3337 1242 3417 ejusmodi
1256 3336 1359 3398 babuit
1374 3340 1558 3396 orzilionem:

462 3455 474 3487 ι
494 3433 646 3510 lnqrntum
659 3436 747 3498 liodie
761 3435 844 3496 uobis
855 3434 955 3513 resero
968 3439 1108 3514 qratiam,
1120 3443 1207 3509 ciues,
1218 3438 1270 3511 qui
1283 3449 1328 3493 me
1341 3433 1378 3493 de
1391 3448 1471 3490 more
1479 3448 1539 3509 pro
1546 3435 1632 3507 prin·

414 3535 479 3606 cipe
492 3536 679 3592 convenistis.
696 3533 763 3592 Rea
783 3531 865 3592 obiit.
887 3531 976 3592 Video
990 3533 1126 3606 equidem
1138 3535 1172 3590 in
1186 3533 1328 3608 cujusque
1340 3532 1467 3587 oestrum
1489 3524 1583 3584 occulis
1593 3523 1634 3600 fi-

415 3621 480 3682 dem
501 3624 674 3700 diripuisse,
689 3630 716 3687 et
739 3630 772 3686 in
785 3642 833 3683 ore
847 3631 974 3686 orantum
993 3630 1118 3687 uestrum
1131 3627 1278 3709 principis
1293 3625 1436 3701 pietatem
1458 3619 1630 3681 exhorrere.

418 3712 560 3774 Constans
574 3718 675 3794 riqor!
691 3714 796 3777 lrorror
804 3720 989 3794 justissimus
1003 3721 1013 3778 t
1028 3718 1107 3777 Nam
1121 3718 1211 3793 Repe,
1227 3717 1314 3773 immo
1326 3717 1448 3790 parente
1462 3716 1572 3789 optimo
1583 3730 1634 3772 or-

411 3808 473 3867 bcti
480 3830 490 3867 .·
504 3816 638 3871 inaniora
653 3815 772 3890 quidem
786 3812 822 3874 de
845 3831 878 3875 eo
891 3819 997 3893 sospite
1010 3821 1109 3877 nostra
1123 3815 1252 3872 munium
1262 3809 1398 3887 uoluptas
1411 3813 1484 3882 erat,
1505 3808 1634 3867 sednon

411 3907 495 3963 touta
511 3909 603 3980 prout
628 3904 767 3981 defuncti
775 3910 912 3983 peraruit
926 3911 1040 3969 animos
1054 3906 1243 3968 desiderium.
1262 3904 1411 3963 Hactenus
1434 3905 1511 3961 enim
1525 3902 1633 3980 dieqem

411 4003 561 4071 venerum
575 4019 652 4062 nunc
667 4005 785 4063 tandem
798 4005 967 4061 nostrarum
981 4002 1111 4061 columen
1123 3999 1324 4077 fortunarum,
1339 4000 1508 4074 conjuqum,
1521 4011 1632 4072 paren·

413 4094 487 4166 turn,
501 4090 681 4171 liberumque
694 4096 833 4163 salntem,
845 4111 1004 4173 reqnorum
1016 4098 1125 4170 citam,
1149 4097 1251 4153 nostis.
1269 4091 1362 4164 (ὶυανη
1376 4094 1465 4167 r'qitur
1477 4094 1550 4150 essct
1563 4086 1633 4147 cbo-

411 4187 472 4241 rior
486 4189 514 4242 si
525 4184 590 4259 soto
601 4193 706 4251 uestris
720 4191 857 4269 lacrquris
867 4195 994 4250 exorari
1005 4195 1134 4266 possent,
1149 4207 1184 4249 oe
1194 4193 1404 4251 restitueretur.
1420 4183 1478 4246 Sed
1492 4184 1569 4257 lien,
1582 4185 1630 4243 di·

412 4274 619 4351 liqentissimus
633 4284 821 4359 populorum,
836 4286 918 4359 quod
931 4283 1098 4344 inviolabili
1110 4291 1234 4346 nmurce
1248 4283 1309 4361 leqe
1319 4284 1466 4359 nepotum,
1480 4274 1515 4334 id
1528 4293 1631 4352 supre-

409 4384 458 4428 ma
477 4375 627 4445 praestitit
640 4374 798 4435 uoluntate.
816 4375 945 4436 Instituit
959 4393 1086 4452 namque
1099 4377 1286 4438 monarclriae
1298 4379 1452 4433 universae
1476 4368 1631 4430 boeredem

414 4461 584 4542 Pbr'lippum
608 4470 861 4544 Andeqoconsium
874 4473 986 4548 ducam,
1006 4471 1169 4532 Galliarum
1184 4468 1328 4549 Delplrini
1348 4470 1489 4524 irrisorem
1502 4468 1576 4523 nutu
1594 4465 1632 4539 fi-

410 4558 494 4632 lium,
510 4559 658 4621 Ludoeici
671 4563 774 4640 ltsrqni
797 4572 942 4642 nepotem,
955 4571 983 4625 et
996 4571 1053 4625 rui.
1070 4566 1271 4627 tristissimum
1281 4558 1477 4621 uoluntatem!
1497 4559 1531 4614 ut
1546 4571 1632 4631 quem

409 4654 590 4729 ‚Hisponicece
601 4655 789 4716 rrrorcarcbioe
803 4655 880 4737 leqes
892 4658 934 4717 ad
943 4676 1099 4738 reqnorum
1109 4654 1318 4719 successionem
1333 4650 1562 4727 uocabant,eum
1573 4667 1631 4712 sua

408 4745 564 4805 nouissimo
586 4752 788 4811 contestatione
802 4756 968 4812 accersiret.
991 4753 1185 4813 Utilissimum
1193 4745 1315 4826 populis
1331 4747 1534 4807 uoluntatem!
1551 4753 1584 4807 ut
1598 4753 1630 4808 in
