3942 5592
1475 494 1532 554 201

315 590 318 598 “
347 599 431 659 dani
437 591 806 668 5mmroarnrcnorrbns
817 594 1006 668 capessendis
1017 592 1143 670 fortuna
1152 599 1250 656 uersat
1258 595 1344 673 ioris.
1355 598 1385 659 ls
1397 603 1576 680 ipiturunus

349 691 385 748 in
391 688 573 766 praecipuis
598 681 772 745 auctoribus
791 689 824 745 ut
833 703 893 763 per
911 684 1012 746 Caroli
1024 689 1223 746 testamentum
1236 705 1327 767 repno
1347 690 1510 768 Hispmu'ca
1532 691 1574 750 od

352 785 493 844 Audmos
505 782 667 859 mroererrl,
676 782 860 858 praecipuas
883 784 916 838 in
930 779 1102 840 monarchia
1123 797 1193 858 spes
1205 781 1333 859 screbat,
1349 790 1426 849 unde
1441 785 1575 846 realiter

347 880 475 940 cadom
488 878 647 937 ceciderat.
665 873 855 948 Quamobrem
868 878 1023 953 inpruente
1038 874 1113 935 bello
1128 876 1299 956 aPlilippo
1313 885 1486 954 reuocatus,
1502 878 1574 956 plu·

343 983 510 1051 nmurnqroe
523 975 603 1035 aeris
615 970 707 1032 alieni
718 975 869 1047 causatus,
883 974 954 1032 dum
967 973 1027 1033 sibi
1039 974 1218 1034 exsoluendi
1244 979 1332 1051 cepio
1345 975 1382 1033 ab
1395 993 1483 1053 repno
1503 975 1571 1051 fiat,

344 1074 502 1132 armatus
512 1069 663 1146 primosi,
672 1065 1023 1146 moureterrtus‚ejusqree
1035 1072 1079 1127 rei
1091 1068 1574 1148 edictumconcepitinpurqamen·

341 1167 405 1224 tum
414 1160 645 1222 moroeJnterea
655 1159 815 1237 Plrilippus
826 1165 966 1239 reputans
973 1160 1138 1223 Lacerdam
1146 1161 1268 1242 Sanqrii
1273 1170 1364 1227 morte
1369 1164 1568 1243 conpluribus

337 1256 514 1336 proceribus
526 1272 648 1335 prorem
662 1256 831 1315 indemnato
849 1257 1154 1333 Capuano‚modeslae
1167 1259 1317 1320 nobilitati
1328 1269 1505 1339 macriorem,
1522 1258 1572 1318 In-

339 1346 464 1406 diarum
474 1346 645 1424 praesidem
653 1343 751 1425 jubet,
765 1348 793 1405 et
811 1347 853 1407 ad
865 1343 1004 1410 bonorem
1017 1352 1178 1411 ineundum
1192 1359 1331 1420 accersit‚·
1350 1361 1437 1433 atque
1452 1355 1570 1415 Emma-

338 1441 458 1503 nuelem
465 1439 627 1502 Ibceclrum
643 1440 872 1520 Viqlr'enensium
886 1443 1096 1524 Muciumnon,
1104 1453 1157 1523 qui
1168 1454 1239 1508 tunc
1252 1454 1319 1528 ejus
1332 1457 1409 1512 uices
1420 1456 1453 1512 in
1467 1449 1572 1513 Sicilia

338 1534 470 1609 ambul,
488 1531 642 1612 iroreqem
653 1532 875 1609 neapolitanum
888 1541 978 1612 creat,
992 1543 1075 1615 er'que
1093 1540 1283 1601 Froncr'scum
1302 1543 1478 1604 ludicaeum
1496 1543 1569 1602 Cor·

342 1628 479 1689 dioclem
493 1629 603 1689 Romae
619 1632 752 1705 aqentem
765 1628 888 1711 cuspidi.
907 1631 1016 1692 Eodem
1032 1640 1149 1711 accepto
1159 1641 1277 1713 nuncio,
1292 1637 1466 1715 extemploa
1480 1635 1572 1699 Hedi-

341 1737 412 1781 coec
426 1720 508 1781 urbis
517 1717 709 1798 praefectura
717 1720 867 1783 abdicato.
881 1721 929 1782 Ibi
943 1721 1065 1785 Paceclri
1075 1731 1169 1787 uirtus
1179 1729 1321 1788 militoris
1327 1735 1471 1806 prooeimo
1487 1729 1566 1791 Han·

344 1817 453 1873 nonico
467 1813 542 1874 bello
556 1815 695 1890 spectato,
710 1816 883 1875 rotariorum
898 1816 1062 1876 litterarum
1076 1823 1193 1897 notitia,
1210 1837 1323 1879 morum
1338 1823 1493 1901 cultusque
1506 1840 1568 1882 mo·
1655 1842 1658 1847 ·

340 1910 452 1985 datio,
466 1913 498 1969 ut
522 1908 649 1970 assolent
661 1926 739 1969 noco
754 1909 877 1970 laudari
901 1916 982 1972 etex
1006 1912 1146 1973 laudibus
1165 1913 1295 1975 turbido.
1312 1914 1391 1974 Num
1416 1921 1491 1976 inter
1504 1917 1569 1999 ejus

339 1997 486 2062 odrreulus
499 2019 596 2061 moros
610 2002 784 2063 dictitabant
800 2001 913 2065 Stratos
932 2024 965 2066 eo
979 2008 1089 2064 rectore
1105 2010 1262 2082 comentes,
1278 2009 1319 2067 ad
1331 2026 1383 2068 nos
1398 2028 1457 2069 non
1470 2013 1565 2072 norte-

338 2113 382 2174 rc,
396 2101 425 2157 et
441 2096 585 2176 Plilippc
600 2114 636 2157 ea
650 2102 684 2157 in
696 2114 728 2157 re
743 2097 911 2176 obsequium
925 2101 1097 2159 ‹letrectare
1116 2096 1222 2159 Contra
1237 2106 1268 2160 in
1279 2102 1443 2163 Larerdam
1457 2109 1566 2163 cormi-

336 2189 453 2267 no,scd
463 2196 591 2250 omnium
601 2190 712 2268 stylum
721 2190 941 2251 coenobitarum
951 2189 1121 2250 iudicabant
1132 2207 1261 2254 manum.
1278 2196 1360 2256 Unde
1370 2193 1469 2273 qlorio
1475 2200 1566 2272 parto

336 2286 406 2342 ciro
417 2287 453 2343 in
465 2300 499 2343 eo
511 2299 609 2345 rernm
632 2284 712 2342 statu
726 2282 874 2359 ejusmodi
887 2281 1040 2341 bominum
1062 2286 1164 2360 qeneri
1183 2301 1305 2361 ararem
1318 2305 1390 2349 esse.
1406 2286 1465 2345 Sub
1488 2282 1561 2344 baec

338 2383 474 2456 temporo
496 2379 534 2439 de
552 2381 709 2442 Gomoario
718 2383 804 2456 prius
821 2375 983 2455 Spinellus,
997 2394 1069 2436 mac
1086 2378 1257 2440 Grimaldus
1270 2383 1376 2444 edictis
1390 2384 1489 2457 edilis,
1503 2387 1563 2442 cri·

335 2479 425 2539 urinis
435 2476 561 2536 colorem
574 2477 735 2553 quaerunt,
743 2470 882 2548 Proreqis
900 2489 998 2534 necem
1012 2471 1196 2550 inficiantur,
1205 2478 1357 2536 minantur
1370 2479 1564 2552 irruptionem

335 2577 371 2632 in
379 2571 525 2652 Boanum,
538 2587 614 2649 quas
626 2576 734 2648 runos,
746 2575 817 2648 quia
826 2571 955 2631 indictas
966 2584 1066 2628 rerum
1071 2573 1235 2648 prudentes
1246 2588 1341 2631 canas
1353 2569 1561 2650 conjiciebant.

337 2667 418 2729 Nom
433 2669 616 2747 Beonumpeo
629 2667 688 2728 loci
700 2673 812 2730 natura
826 2670 880 2741 est,
892 2672 924 2726 ut
937 2673 1016 2728 acics
1029 2671 1057 2726 el
1072 2683 1188 2743 canopos
1198 2684 1251 2726 nec
1261 2664 1367 2744 facile,
1381 2686 1432 2728 nec
1445 2671 1498 2730 diu
1504 2683 1565 2742 pa·

335 2764 443 2838 tiotur,
457 2765 485 2821 et
504 2775 565 2837 qnia
578 2759 726 2837 sorditate
748 2758 876 2820 bostium
894 2764 1056 2835 irruptioni
1068 2759 1170 2819 eodem
1193 2762 1220 2818 cl
1234 2763 1343 2837 ejectus·
1349 2763 1463 2838 pateat.
1482 2758 1564 2834 (luae

335 2872 386 2919 res
398 2855 541 2917 lubricam
553 2855 627 2933 iecit
639 2855 791 2935 indicente
802 2853 941 2916 moelem.
959 2852 1019 2914 Sed
1032 2873 1065 2916 eo
1078 2855 1194 2914 intendi
1204 2854 1431 2932 expeditionum,
1447 2859 1480 2916 nl
1495 2874 1562 2934 opes

334 2946 560 3023 famulorum
574 2967 677 3029 nepum
697 2950 907 3010 mirarentur
917 2951 950 3006 in
964 2945 1108 3026 loquum,
1118 2950 1163 3004 nti
1171 2946 1295 3023 sactum.
1310 2946 1391 3006 Nam
1403 2965 1444 3006 eo
1457 2948 1565 3024 Hispo·

332 3038 402 3121 nia,
421 3043 581 3123 Galliaque
604 3043 646 3103 ud
657 3039 813 3102 duodecim
833 3037 932 3098 nullia
945 3038 1074 3098 nutrium
1093 3056 1126 3099 eo
1140 3040 1289 3098 imnu'ssae
1312 3045 1428 3117 copiae,
1443 3045 1471 3100 et
1495 3042 1562 3100 Gri-

266 3145 270 3152 ’
334 3150 416 3213 anuo
428 3134 484 3196 sub
504 3132 595 3213 sepiis
608 3136 754 3212 auspiciis
767 3135 856 3193 ductu
869 3132 958 3190 dotoe
964 3153 977 3202 ,-
993 3149 1029 3189 ac
1047 3130 1138 3207 fidem
1150 3135 1240 3190 minis
1253 3133 1325 3210 fecit
1335 3133 1486 3210 plurimus
1511 3151 1560 3192 ar-

334 3244 452 3291 morum
462 3235 628 3310 apparatus
641 3233 726 3307 opud
736 3228 954 3306 Lanae-qino,
969 3232 1143 3306 cajetanum
1153 3234 1179 3290 et
1194 3226 1392 3288 Odescaleum.
1420 3231 1555 3310 (irrapro-

331 3326 403 3398 pter
416 3323 631 3401 Hispaniarum
643 3322 771 3400 leontos
779 3336 844 3378 crim
852 3317 991 3394 Ibntifice
1002 3323 1062 3396 epit
1075 3325 1107 3377 ut
1121 3322 1301 3378 rnunimenlo
1316 3321 1485 3381 Sermoueto
1499 3324 1556 3384 sibi

337 3422 453 3479 emero
462 3440 471 3495 3
481 3424 509 3479 ct
524 3418 701 3480 Odesculcus
715 3414 861 3490 beneficiis
873 3414 1039 3492 hispanicis
1053 3417 1168 3474 cecidit.
1180 3415 1327 3474 Hactenus
1340 3419 1435 3474 autern
1446 3416 1560 3477 Anulus

335 3510 393 3570 diu
406 3511 491 3587 apud
505 3511 651 3587 Leoatum
674 3510 863 3585 hispanicum
876 3513 1020 3583 uersatus,
1036 3513 1066 3568 in
1082 3525 1172 3568 coeno
1196 3506 1344 3569 abeodem
1369 3509 1453 3588 doto,
1465 3511 1516 3569 ubi
1528 3518 1556 3573 et

341 3597 472 3660 Tosonus
485 3598 650 3663 lonsoniue
667 3597 848 3673 Cordinalis,
859 3603 885 3656 el
904 3600 1058 3659 Carminus
1075 3598 1264 3660 caracciolus
1276 3596 1553 3664 Sanctmanensium

336 3690 490 3770 tormen,
504 3695 556 3754 ille
574 3694 739 3755 Galliarum
763 3697 851 3770 repis,
866 3691 914 3751 lu'c
928 3690 1095 3753 Ludouicoe
1117 3692 1230 3751 Mariae
1245 3691 1455 3770 Hispaniarum
1478 3702 1555 3774 reqi-

334 3797 392 3842 noe
405 3784 449 3842 od
464 3781 633 3857 Pontificem
645 3786 736 3841 cotra
746 3781 877 3841 ordinem
890 3779 981 3854 leonti
993 3785 1198 3854 conuenerunt,
1211 3784 1378 3842 admonitus
1392 3801 1429 3842 ue
1441 3786 1557 3845 diutius

334 3892 390 3936 suo
399 3879 558 3955 prouidere
568 3883 682 3938 nomini
694 3881 890 3940 cunctaretur,
899 3881 1038 3953 promisit
1050 3895 1080 3937 se
1087 3884 1176 3955 prius
1188 3877 1339 3937 lrnlooico
1350 3876 1425 3935 XIV
1434 3884 1467 3938 in
1485 3881 1557 3941 Gol-

334 3965 390 4044 iia‚
399 3968 469 4027 doen
485 3967 667 4048 Philippum
678 3970 828 4047 Hispania
838 3986 922 4031 suom
928 3974 1128 4046 purooturum
1136 3969 1235 4046 fidem.
1251 3968 1309 4029 Sed
1319 3971 1439 4045 incenia
1451 3970 1556 4045 lovem,

336 4052 497 4117 deanus
511 4057 567 4118 bae
581 4065 645 4121 orte
665 4063 707 4121 ud
720 4061 816 4122 bosles
840 4062 949 4120 dicitur·
962 4060 1146 4123 traduxisse.
1162 4062 1312 4122 Herninern
1337 4063 1490 4145 subornat,
1504 4073 1560 4146 qui

331 4154 420 4208 noctu
430 4155 458 4210 et
471 4155 679 4231 inexploratus
692 4156 829 4219 lonsonii
848 4154 955 4217 Tosani
965 4161 1081 4217 narone
1092 4158 1181 4218 Aeoli
1188 4175 1304 4218 serrum
1312 4165 1414 4236 precio
1428 4179 1557 4225 corrum-

327 4245 425 4318 pitin
437 4243 503 4303 lueri
512 4249 649 4309 caedem:
664 4265 736 4308 mou
747 4253 902 4326 cmrposito
912 4249 993 4325 doio,
1006 4255 1070 4326 ipse
1080 4250 1206 4310 Aratum
1216 4252 1253 4310 de
1267 4253 1384 4312 iruidirs
1394 4255 1556 4335 admonuit,

331 4336 440 4412 quibus
454 4347 620 4420 compertis,
634 4344 745 4404 Aeolus
759 4343 886 4404 edictum
899 4349 932 4402 in
946 4342 1122 4405 Jousoninm
1136 4351 1200 4405 ciro
1210 4349 1365 4423 indrynum
1378 4357 1556 4428 eutropium

326 4430 493 4505 preculas
503 4437 630 4513 motoque
642 4441 1114 4516 seposueram-erearuannarrsqae
1125 4439 1287 4501 bominibus
1299 4443 1339 4502 od
1347 4439 1428 4517 sores
1440 4444 1555 4526 locato,

331 4519 437 4584 demde
449 4530 483 4584 iu
491 4525 660 4606 Lamberqii
672 4532 760 4592 aedes
769 4530 914 4608 subsupil,
923 4528 1068 4612 lunsonio
1074 4531 1215 4606 probrum
1228 4549 1292 4592 cum
1306 4531 1446 4610 Pontifice
1458 4555 1557 4615 copo.

331 4616 459 4679 stulante
472 4626 559 4698 atque
573 4630 696 4704 urqeute
709 4625 817 4687 obduci
829 4641 943 4688 seruum
954 4629 986 4685 in
999 4631 1218 4704 quaestionem
1231 4647 1267 4688 ea
1280 4629 1316 4688 de
1327 4646 1359 4687 re
1380 4639 1553 4712 quaesitum,

263 4771 269 4782 ‚
331 4713 359 4767 et
377 4717 490 4863 αῖῒζέα
502 4713 648 4865 bamb?
667 4722 845 4796 innocentio,
859 4723 887 4780 et
902 4719 995 4782 Arato
1009 4725 1118 4798 capitis
1132 4722 1194 4782 dies
1208 4721 1296 4784 dicio.
1314 4717 1374 4783 Sed
1385 4728 1411 4787 is
1431 4727 1553 4874 awLam·

475 4851 481 4864 .
523 4829 604 4880 pusca
632 4855 637 4866 .
