3942 5592
461 415 519 481 lou
563 464 566 469 .

422 527 523 585 meula
540 539 587 584 me
599 521 690 584 verba
706 519 803 583 lacere
819 517 939 581 minime
952 516 1120 599 patinnlor.
1134 516 1194 581 Sed
1205 520 1302 583 honos
1318 523 1417 584 tamen
1429 525 1578 603 postulat,
1593 543 1644 587 res

426 617 490 697 ipsa
504 615 633 695 flagitat,
649 613 814 677 consensus
831 613 1029 689 restercuplt
1043 631 1091 674 me
1108 613 1187 674 illam
1203 630 1448 693 commemorare,
1465 634 1640 694 quamnam

425 713 674 792 praeclarissima,
691 717 783 790 atque
796 713 936 774 omnibus
950 710 1102 786 fortunae,
1119 712 1242 773 virtutis
1260 730 1295 775 oc
1309 713 1425 792 gloriae
1443 717 1535 775 rebus
1558 735 1647 778 orna·

426 809 542 871 lissima
553 809 726 871 Cerdiorum
739 809 848 871 lamilia
865 810 992 885 ipsamet
1005 807 1166 870 Catharina
1182 809 1326 888 aragonia
1339 809 1517 889 grauissimo
1527 828 1562 872 oc
1576 831 1645 890 spe·

426 905 596 964 elatisslmo
609 904 680 963 Viro
694 903 825 964 omnium
840 904 988 964 uirtutum
1005 903 1130 980 principi
1143 902 1247 964 loanni
1262 902 1284 962 F
1286 903 1420 964 ronciseo
1432 920 1449 964 a
1461 905 1553 965 Cerdo
1567 924 1639 984 nup-

427 1005 472 1064 tui
488 1002 634 1064 collocata
649 1001 831 1076 conciliauit,
848 1019 925 1078 qnae
940 1005 1023 1061 tanta
1037 1017 1129 1078 opum
1143 999 1307 1073 affluentia,
1324 1002 1408 1060 mota
1424 1017 1526 1062 rerum
1541 1006 1645 1080 gesto·

426 1117 493 1162 rom
506 1099 612 1178 gloria,
622 1103 708 1159 tanta
720 1097 918 1160 maximorum
930 1097 1126 1175 lmperiorum
1138 1094 1301 1171 maiestate
1315 1093 1497 1173 praefulget,
1512 1099 1649 1174 etquod-

427 1195 474 1255 vis
488 1194 515 1255 ei
529 1210 637 1255 novum
655 1193 832 1270 adquiratur
844 1191 1014 1269 imperium,
1028 1190 1141 1252 nullum
1155 1189 1281 1268 proinde
1298 1205 1405 1250 novum
1420 1189 1513 1251 decus
1524 1193 1578 1250 aut
1593 1208 1642 1252 or·

428 1296 597 1354 numenium
619 1293 754 1353 accedat.
771 1290 834 1352 Non
847 1293 895 1353 est
909 1290 1042 1364 landem,
1062 1292 1096 1350 ut
1121 1289 1299 1350 lectissimas
1313 1289 1460 1350 amicitias
1482 1308 1552 1353 cnm
1568 1307 1648 1352 sum-

429 1390 487 1450 mis
512 1391 608 1451 lotias
634 1389 692 1450 lere
708 1388 842 1466 Europae
864 1385 1191 1464 Principibusteslalns
1219 1384 1379 1446 iaciamus:
1402 1387 1642 1465 qnandoquidem

328 1543 333 1552 ,
430 1480 498 1562 ejus
514 1482 557 1542 rei
573 1481 694 1559 ipsimet
708 1497 823 1554 omnes,
840 1497 907 1541 enm
922 1495 976 1556 pro
1002 1480 1081 1540 illius
1094 1484 1221 1540 mortem
1238 1483 1354 1542 lantum
1380 1481 1591 1542 sollicitudinis
1606 1501 1641 1545 ac

427 1575 538 1639 doloris
553 1577 734 1653 sustineant,
750 1581 892 1654 quantum
911 1576 980 1641 lerri
1002 1576 1054 1641 vix
1066 1577 1179 1656 possit3
1198 1578 1328 1655 ipsimet,
1345 1578 1484 1659 inquam,
1502 1583 1571 1640 suot
1585 1583 1653 1660 ejus

428 1675 472 1735 rei
493 1672 677 1753 apertissimi
694 1677 799 1733 testes.
813 1670 870 1731 Sed
885 1671 957 1754 quid
978 1689 1037 1749 ego
1056 1670 1174 1749 singula
1189 1671 1339 1733 Fortunae
1354 1673 1429 1734 bona
1459 1677 1551 1750 alque
1572 1693 1653 1736 eom·

426 1769 526 1839 moda,
544 1768 653 1844 quibus
678 1768 741 1847 ipsa
756 1767 952 1843 undequaque
964 1765 1283 1842 affluebal,eonseclor
1297 1774 1329 1829 et
1343 1769 1466 1847 colligo,
1482 1773 1567 1847 quasi
1583 1789 1654 1834 tero

427 1882 464 1925 cn
478 1864 615 1926 oratione
630 1865 804 1943 complecti,
820 1867 874 1924 aut
885 1865 1028 1925 memoria
1043 1865 1185 1940 consequi
1201 1862 1312 1942 possim
1324 1863 1339 1926 t
1353 1863 1412 1926 Tan
1422 1874 1449 1926 la
1467 1868 1494 1930 in
1512 1871 1575 1949 ipsa
1596 1889 1650 1933 ao·

426 1963 522 2040 gendo
538 1963 640 2040 posuit
655 1961 755 2023 stadia
771 1961 941 2037 obsequens
957 1959 1037 2021 illins
1052 1960 1189 2021 felicitati
1205 1960 1353 2022 Fortuna:
1370 1979 1387 2023 a
1402 1980 1461 2039 qua
1473 1968 1575 2028 tamen
1591 1967 1646 2028 lta·

431 2061 501 2118 lura
524 2073 557 2116 se
574 2057 650 2117 uinci
676 2073 732 2117 non
747 2071 835 2133 passa
849 2057 909 2126 est,
933 2070 1012 2131 quae
1035 2070 1092 2113 non
1107 2053 1271 2114 minoribns
1296 2070 1390 2132 aeque
1411 2056 1532 2117 eximiis
1549 2058 1646 2138 bonis,

430 2170 508 2229 quae
522 2151 657 2228 eorporis
672 2155 754 2226 sunl,
771 2155 801 2210 et
817 2149 968 2222 dicuntur,
985 2145 1120 2215 eamdem
1136 2148 1231 2208 voluit
1253 2149 1290 2208 ad
1306 2149 1433 2212 virtutes
1448 2157 1583 2214 ornatam
1599 2173 1649 2219 ao·

429 2247 547 2308 cedere.
564 2246 622 2307 Nec
648 2244 758 2306 lruslra
774 2245 913 2305 homines
930 2242 1070 2320 opinione
1086 2241 1257 2317 sapientum
1272 2242 1367 2320 ducti,
1384 2245 1525 2328 Naturam
1542 2250 1652 2310 menli-

430 2344 489 2405 bus
506 2343 628 2404 caelesti
638 2342 736 2421 speeie
746 2338 1063 2418 praeslanlibusdigna
1071 2356 1228 2418 corporum
1240 2343 1388 2405 domicilia
1400 2347 1502 2406 nielari
1512 2349 1653 2424 eredunt,

434 2439 467 2495 nt
482 2433 544 2493 oris
561 2432 666 2508 torma,
683 2432 837 2507 decusque
860 2430 1062 2491 membrorum
1079 2430 1106 2490 in
1123 2437 1263 2511 promptu
1280 2436 1379 2512 posita
1394 2440 1544 2499 occultam
1560 2457 1596 2502 ac
1613 2443 1654 2502 la·

432 2533 545 2591 lentem
563 2528 651 2589 animi
668 2525 921 2605 pulchritudinem
938 2532 1214 2601 repraesentarent.
1228 2526 1287 2588 Sed
1300 2546 1391 2606 quam
1407 2533 1558 2609 praeclare
1572 2533 1653 2596 hunc

435 2624 547 2686 Natura
563 2625 649 2685 llncm
667 2624 694 2684 io
707 2622 866 2683 Calliarina
883 2623 1046 2701 dragonia,
1063 2642 1117 2685 nec
1132 2625 1168 2684 ad
1184 2625 1311 2688 aliorum
1323 2630 1496 2707 exemplam
1510 2625 1559 2692 eol
1573 2637 1656 2694 asse·

430 2723 523 2784 culat
541 2721 600 2781 Vos
625 2736 739 2797 quaeso
763 2719 973 2796 obtestorque,
991 2720 1181 2796 quibusoam
1199 2723 1408 2801 adspectondi,
1425 2741 1460 2787 ac
1485 2727 1656 2803 alloquendi

434 2830 501 2875 sors
525 2812 766 2892 contigitqdicuc
780 2811 884 2888 ctiam,
904 2817 938 2872 ut
962 2811 991 2873 in
1015 2812 1064 2874 illa
1080 2813 1243 2891 proceritas
1257 2816 1404 2893 corporis,
1421 2818 1515 2878 honos
1530 2819 1652 2899 eapitis,
1695 2885 1698 2891 .

436 2912 528 2971 torma
542 2911 602 2972 oris
615 2910 725 2972 eximia
737 2926 793 2970 non
804 2911 900 2970 solnm
916 2913 1117 2979 venustatem,
1131 2911 1183 2971 sed
1194 2912 1374 2991 dignitatem
1389 2916 1547 2992 praeterea
1562 2917 1654 2978 etiam

433 3005 700 3085 praeseferrent:
716 3003 819 3073 dieite,
837 3005 871 3064 ut
895 3006 999 3082 aperta
1015 3004 1162 3067 uirtutum
1184 3008 1268 3084 signa
1284 3005 1412 3083 vidistis,
1430 3010 1458 3070 in
1474 3008 1571 3071 lronle
1585 3029 1654 3089 gra-

433 3104 546 3178 vitatis,
562 3102 697 3164 lenitatis
712 3102 740 3160 iu
750 3101 858 3176 oculis,
870 3101 898 3160 in
912 3102 1024 3162 rubore
1036 3101 1243 3182 verecundiae,
1260 3103 1364 3164 intuto
1377 3106 1459 3166 enlm
1472 3105 1649 3183 modestiae,

432 3203 524 3274 atque
539 3197 658 3274 integro
673 3195 808 3273 corporis
821 3194 928 3256 habitu
941 3195 998 3256 sibi
1010 3196 1139 3274 undique
1151 3201 1235 3275 apto,
1246 3203 1348 3259 eerlae
1360 3202 1524 3262 animienm
1540 3218 1574 3264 se
1590 3202 1655 3282 ipso

433 3295 667 3373 convenientiae,
686 3298 721 3354 nt
746 3294 832 3373 plane
859 3293 886 3356 in
902 3294 1044 3372 ambiguo
1072 3297 1152 3355 esset
1172 3298 1314 3373 positum,
1332 3301 1432 3359 utrum
1459 3299 1542 3362 illam
1558 3301 1656 3380 magis

436 3392 544 3451 uestris
554 3391 703 3452 mentibus
716 3392 868 3466 virtus,an
879 3388 1036 3450 obtulibus
1045 3390 1238 3466 pulchritudo
1251 3393 1433 3474 insinuaret:
1447 3392 1551 3468 dieite,
1561 3412 1656 3471 quum

436 3488 484 3548 illa
501 3487 580 3548 inter
593 3494 662 3550 octo
677 3489 875 3567 amplissimas
889 3489 965 3550 filias
979 3489 1091 3551 eximia
1105 3507 1200 3566 aeque
1210 3492 1325 3552 uirtute
1340 3508 1374 3552 ae
1386 3491 1480 3553 torma
1498 3499 1655 3572 praestan·

364 3621 369 3629 ‹
435 3591 484 3647 tes
500 3588 687 3655 versabatur,
702 3593 735 3649 ul
746 3605 811 3648 eam
824 3588 885 3648 oris
896 3588 1040 3665 maiestas
1055 3590 1219 3668 principem
1234 3591 1376 3670 prodidit,
1390 3592 1483 3652 torma
1501 3611 1574 3656 vero
1589 3612 1651 3656 nna·

440 3686 514 3744 trem
529 3683 658 3743 celarit:
682 3682 776 3744 diclle
805 3682 923 3744 tandem
950 3688 1079 3761 quantas
1093 3684 1170 3745 illius
1185 3685 1399 3764 pulchritudini
1424 3690 1554 3752 charites
1568 3691 1652 3752 addi·

435 3780 544 3843 derunt
559 3781 686 3840 aetionis
701 3782 854 3852 venustas,
867 3780 1003 3857 grauitas
1017 3783 1162 3857 incessus,
1178 3781 1285 3842 lenitas
1296 3801 1331 3845 ac
1343 3786 1426 3866 lepos
1446 3790 1604 3863 sermonis,
1622 3792 1657 3849 et

438 3883 581 3954 quantum
600 3875 629 3937 in
646 3876 747 3938 iisdem
775 3881 902 3954 positum
914 3883 996 3939 esset
1011 3883 1225 3958 usquequaque
1240 3880 1399 3961 decorum,
1418 3891 1452 3947 ul
1466 3887 1656 3961 apertissima

437 3973 562 4052 proinde
583 3969 764 4050 significatio
783 3972 870 4034 lieret
894 3988 1029 4050 magnam
1056 3976 1085 4035 in
1101 3974 1183 4036 illius
1199 3974 1297 4037 animo
1317 3977 1425 4040 adesse
1440 3980 1652 4045 constantiam.

438 4069 518 4132 llaec
533 4070 634 4147 dieite,
652 4075 683 4130 el
698 4086 788 4147 quam
800 4075 902 4150 gratas
915 4087 955 4131 ea
970 4075 1031 4132 lam
1046 4073 1172 4149 pulchro
1187 4091 1313 4152 corpore
1328 4076 1446 4137 venisse
1463 4078 1606 4155 uirtutes,
1624 4081 1658 4139 et

438 4167 612 4248 pudicitiam
629 4172 801 4248 praecipue,
814 4187 866 4230 nos
882 4169 985 4244 sinite,
1003 4174 1035 4230 ut
1049 4189 1178 4250 aequora
1192 4178 1252 4250 est,
1265 4175 1401 4255 cogitare
1411 4196 1418 4235 :
1428 4180 1526 4255 atque
1542 4196 1598 4241 nna
1615 4179 1655 4240 si·

436 4267 498 4328 mul
511 4282 576 4326 enm
589 4267 809 4347 collacrymare,
828 4270 855 4329 io
867 4285 925 4346 qna
939 4270 1003 4330 suis
1013 4287 1149 4349 quaeque
1160 4273 1247 4335 bonis
1261 4274 1394 4337 ornanda
1407 4275 1537 4338 Fortuna
1553 4281 1585 4338 et
1597 4276 1654 4338 Na·

439 4362 506 4419 lora
531 4358 606 4418 adeo
619 4363 772 4424 certarunt
785 4364 918 4442 egregie,
937 4367 972 4423 ut
989 4362 1037 4424 illa
1053 4366 1079 4427 ei
1095 4365 1212 4429 dederit
1225 4368 1387 4449 principem
1412 4371 1504 4448 nasei,
1521 4375 1595 4433 lnaoe
1609 4373 1654 4433 la·

436 4452 511 4512 ciem
525 4450 659 4530 principe
673 4454 812 4532 dignam,
829 4457 876 4518 illa
891 4457 1011 4535 generis
1025 4459 1218 4540 dignitatem,
1233 4467 1305 4527 llaec
1317 4465 1396 4540 oris,
1414 4466 1461 4527 illa
1477 4484 1549 4545 opes
1564 4472 1594 4527 el
1606 4485 1658 4529 co·

436 4548 510 4627 pias,
522 4550 595 4609 haec
609 4547 694 4611 dives
709 4553 878 4631 ingenium,
896 4555 943 4616 illa
955 4561 1063 4620 cuncta
1077 4559 1228 4621 uirtutum
1241 4561 1426 4641 adjumenta,
1439 4564 1512 4625 llaec
1524 4564 1658 4646 animum

438 4645 475 4705 ad
491 4646 595 4707 omnes
608 4647 733 4710 uirtutes
748 4655 860 4712 nalunr.
872 4651 930 4715 Sed
943 4657 1005 4734 jam
1018 4659 1137 4720 tandem
1149 4657 1185 4718 od
1199 4659 1473 4738 praestantissimas
1486 4660 1581 4738 ipsius
1595 4662 1659 4725 lao-

430 4740 594 4821 .des,quac
618 4745 734 4803 tanturn
753 4745 779 4807 in
794 4747 950 4811 excelsiori
975 4768 1010 4814 ac
1026 4752 1180 4816 illustriori
1197 4752 1275 4830 loco,
1291 4769 1381 4829 quam
1407 4754 1553 4817 hactenus
1570 4772 1658 4819 enar·
