3942 5592
475 415 516 475 92

438 523 570 589 facinora
592 523 778 599 dicerentur,
794 521 929 604 vulgaria
951 526 1038 600 sunt,
1051 540 1087 586 ac
1101 527 1215 589 mlnora
1230 525 1301 588 tuac
1314 524 1439 590 rimatis
1450 531 1602 613 exempla.
1613 532 1652 594 li·

438 623 489 685 lud
510 623 600 699 euim,
618 623 691 685 illud
714 627 784 685 tuae
799 619 979 684 incredibilis
999 637 1035 683 ac
1047 618 1167 683 omnino
1191 622 1332 686 heroicae
1346 624 1533 689 tortitudinis
1550 628 1657 708 speci-

436 734 516 794 men,
534 717 583 780 cui
609 718 689 780 nulla
705 735 760 798 par
772 718 871 780 oratio
885 717 1008 780 inveniri
1023 734 1152 796 usquam
1167 714 1280 796 potest,
1297 737 1354 784 uon
1378 722 1445 785 sine
1459 726 1589 788 maxima
1602 726 1654 788 ad·

435 812 595 874 miratione
619 817 710 890 atque
731 828 849 875 summo
863 811 953 874 animi
968 815 1094 892 stupore
1115 812 1145 873 in
1160 811 1290 875 medium
1305 813 1504 892 proteramus.
1522 818 1658 879 Clarissi-

437 924 506 969 mus
530 913 624 985 atque
638 906 842 986 amplissimus
854 906 999 986 magister
1023 907 1151 968 militnm
1168 907 1295 969 Didacus
1310 907 1498 986 Benavidius,
1513 909 1599 990 cujus
1620 914 1656 972 ut

407 1067 408 1070 ,
437 1003 541 1065 laudes
553 1006 641 1067 brevi
657 1005 880 1085 atqueeleganti
893 1005 1053 1068 verborum
1076 1004 1191 1067 ambitu
1205 1004 1393 1084 colligamus,
1415 1005 1507 1066 Filius
1524 1010 1555 1067 te
1568 1003 1659 1071 Patre

438 1100 559 1181 diguus,
577 1119 613 1164 ea
638 1107 747 1177 aelate,
763 1119 840 1179 quae
859 1103 952 1181 vulgo
974 1100 1150 1182 estiudicii‚
1173 1103 1350 1182 prudentiae
1373 1098 1592 1182 gravitatisque
1608 1105 1656 1167 vel

437 1194 558 1269 omuino
570 1213 685 1275 expers
700 1197 746 1262 vel
760 1196 924 1275 plurimum
940 1195 1036 1272 inops,
1051 1195 1173 1281 jamjam
1188 1196 1328 1259 omnibus
1341 1196 1543 1277 imperatoriis
1562 1201 1657 1281 yirlu·

438 1292 523 1355 tibus
547 1292 677 1355 animum
692 1297 884 1371 mentemque
897 1293 1256 1370 ornans,vuaxtmumque
1270 1293 1470 1373 Hispanorum
1485 1296 1610 1373 nomini,
1624 1316 1660 1360 ac

435 1387 549 1467 Regiae
564 1388 790 1451 Benavidiorum
801 1387 888 1450 Genti
903 1387 996 1450 decus
1008 1392 1277 1466 omamentnmque
1288 1389 1483 1469 promittens,
1499 1409 1517 1452 a
1534 1394 1578 1469 te,
1593 1409 1658 1455 crc-

437 1483 501 1546 dite
515 1485 638 1563 posteri,
654 1501 671 1546 a
693 1490 736 1558 te,
752 1483 915 1562 inquimus,
930 1500 985 1562 pro
998 1482 1147 1561 llispauici
1167 1484 1299 1563 imperii,
1314 1488 1409 1562 atque
1423 1486 1465 1547 iia
1488 1489 1578 1551 etiam
1606 1506 1662 1568 pro

440 1583 559 1662 publica
585 1586 722 1646 nostrum
746 1581 879 1645 omnium
894 1581 994 1644 sainte
1014 1580 1316 1663 Gallorumbostium
1328 1583 1423 1648 lurori
1445 1584 1474 1646 in
1494 1587 1592 1664 alpina
1612 1588 1661 1649 illa

438 1675 523 1738 nobis
535 1694 655 1756 semper
666 1677 841 1740 detestanda
852 1675 1082 1738 caededevulus
1092 1679 1152 1738 est.
1166 1675 1204 1737 Et
1214 1676 1370 1740 devovisse
1379 1695 1484 1758 purum
1496 1681 1595 1744 adbuc
1608 1683 1663 1744 tibi

437 1773 534 1836 visum
548 1778 607 1848 est,
621 1778 657 1836 ut
671 1774 746 1835 satis
758 1775 834 1853 regi,
847 1774 982 1850 satisque
992 1772 1093 1853 regnis
1105 1772 1229 1851 laceres,
1243 1774 1299 1836 nisi
1310 1777 1402 1838 etiam
1418 1776 1581 1838 incredibili
1595 1780 1660 1840 ani-

439 1869 479 1930 mi
495 1870 670 1934 lorlitudine
696 1871 883 1935 devovisses.
898 1870 1048 1933 Tenemus
1063 1887 1203 1949 namque,
1228 1890 1282 1934 nec
1304 1873 1363 1934 erit
1378 1891 1508 1952 unquam
1534 1878 1570 1936 ut
1594 1878 1664 1956 ejus

357 1994 359 2000 >
438 1968 572 2031 oblivisci
595 1970 758 2048 possimus,
774 1974 913 2034 tenemus
935 1968 1015 2030 itiam
1030 1970 1202 2032 aeternitati
1224 1977 1485 2036 monumentorum
1505 1972 1664 2039 dicandam

440 2065 620 2150 orationem,
636 2057 695 2144 qua
717 2067 827 2146 potius,
845 2082 934 2144 quam
957 2065 1112 2143 teipsum,
1129 2064 1256 2126 aliosde
1272 2065 1444 2146 immatura,
1463 2086 1498 2131 ac
1521 2067 1597 2130 satis
1611 2086 1662 2131 su·

367 2163 370 2169 “
439 2173 554 2234 perque
578 2162 686 2220 acerba
708 2160 859 2222 lectissimi
874 2157 939 2218 Filii
954 2157 997 2217 tui
1018 2160 1113 2218 morte
1129 2161 1299 2218 moerentes
1319 2160 1410 2220 solari
1431 2162 1604 2223 solituses:
1628 2169 1661 2225 te

439 2257 511 2312 tunc
524 2253 644 2315 demum
660 2255 856 2315 clarissimum
871 2254 976 2329 Filium
994 2254 1187 2339 ritae,alque
1198 2255 1369 2316 aeternitati
1381 2256 1511 2335 dedisse,
1524 2276 1594 2321 curn
1610 2277 1665 2338 pro

440 2364 498 2408 suo
523 2365 606 2426 rege,
623 2349 751 2426 ejusque
776 2349 874 2427 reguis
888 2347 1218 2409 tuendisclarissimum
1240 2352 1366 2412 mortem
1390 2349 1499 2411 obiret.
1514 2358 1539 2412 0
1555 2353 1659 2414 Virum

440 2443 520 2503 iuter
531 2443 643 2504 Heroas
659 2442 874 2505 accensendum
888 2444 897 2501 t
913 2443 937 2504 0
951 2439 1067 2502 Patrem
1080 2446 1201 2501 aeterna
1216 2442 1404 2505 laudatorum
1419 2445 1550 2507 virorum
1573 2446 1660 2508 laude

440 2539 668 2618 dignissimum!
683 2539 709 2600 0
729 2540 893 2620 principem
907 2553 998 2616 supra
1012 2552 1114 2597 omncs
1129 2538 1243 2615 patriae
1259 2539 1361 2602 Patres
1381 2539 1418 2601 de
1432 2542 1585 2618 republica
1601 2561 1665 2606 me·

441 2639 553 2714 ritum3
569 2639 620 2715 qui
635 2641 695 2714 tot,
709 2639 799 2700 taulis
818 2655 853 2698 uc
868 2640 929 2697 lam
944 2634 1104 2712 praeclaris
1120 2635 1284 2697 virtutibus
1296 2654 1398 2716 pacem
1415 2641 1553 2701 coeteris
1570 2641 1666 2702 Euro-

441 2750 499 2812 pae
518 2736 644 2798 urbibus
658 2734 818 2814 regnisque
833 2739 885 2796 aut
901 2734 1049 2812 fugatam,
1070 2731 1262 2810 autejeotam
1278 2734 1355 2796 iutra
1375 2733 1467 2814 bujus
1484 2735 1567 2798 urbis
1582 2754 1667 2798 moe·

437 2832 501 2909 nia,
520 2832 593 2894 intra
607 2833 702 2911 bujus
726 2835 810 2919 regni
830 2832 975 2893 terminos
995 2832 1170 2894 asservasti.
1188 2832 1308 2909 Ecquod
1323 2829 1421 2913 majus
1435 2838 1528 2911 atque
1545 2835 1664 2912 optabi·

437 2928 500 2990 <lius
511 2931 686 2994 beneficium
710 2934 774 3012 ipse
790 2933 868 2993 Deus
885 2930 1025 3010 Optimus
1040 2929 1389 3008 unximusbominibus,
1407 2930 1477 2991 duur
1504 2935 1603 2994 terras
1615 2948 1666 2993 co·

443 3026 519 3103 lunt,
536 3031 673 3091 conterre
688 3035 801 3110 potest,
815 3046 903 3107 quam
919 3046 1041 3108 pacem3
1057 3045 1116 3104 qua
1134 3043 1190 3089 non
1206 3027 1296 3089 modo
1319 3044 1445 3104 eaquae
1459 3029 1665 3104 aliquosensu

439 3128 509 3183 sunt
519 3123 667 3202 praedita,
685 3125 840 3185 sedetiam
856 3128 938 3186 tectu
952 3127 1047 3200 atque
1058 3126 1123 3201 agri
1139 3122 1242 3185 laetari
1258 3124 1400 3185 videntur
1412 3119 1430 3183 l
1441 3122 1518 3197 Quid
1532 3125 1663 3199 dulcius,

443 3223 537 3296 utque
552 3223 683 3298 gratius,
697 3240 786 3300 quam
798 3224 907 3297 otium,
923 3221 1004 3298 quod
1020 3220 1241 3299 itajucundum
1256 3225 1314 3296 est,
1332 3224 1367 3282 ut
1381 3219 1570 3282 fortissimus.
1579 3221 1662 3298 quis·

444 3330 503 3390 quc
516 3317 562 3379 vir
576 3317 723 3379 maximos
739 3319 855 3380 labores
869 3315 1075 3394 suscipiendos
1086 3319 1229 3394 putet,ul
1245 3314 1402 3392 aliquando
1413 3315 1441 3377 in
1455 3332 1492 3377 eo
1506 3317 1598 3376 vitam
1613 3316 1664 3376 de·

442 3424 514 3486 gere
539 3408 662 3489 possit?
685 3412 761 3485 Quid
789 3413 916 3489 dentque
940 3431 957 3474 e
986 3412 1139 3489 republica
1162 3409 1257 3488 magis
1278 3415 1382 3488 aptum
1410 3414 1443 3470 et
1456 3410 1658 3474 commodum.

445 3510 810 3592 quamlrauquillilatem,
826 3510 863 3572 ad
875 3509 1135 3588 quamtutandam
1150 3523 1253 3569 omnes
1264 3507 1430 3584 Principum
1445 3524 1547 3581 curae,
1561 3524 1666 3569 omnes

445 3598 623 3674 optimulum
632 3603 855 3680 operae,omnin
869 3603 1046 3680 populorum
1058 3600 1158 3662 studia
1171 3603 1242 3660 sunt
1253 3600 1403 3661 ordinatu?
1415 3598 1523 3658 Verum
1534 3601 1572 3660 ud
1583 3598 1664 3659 atiud

445 3693 542 3778 majus
557 3698 744 3776 diviniusque
769 3700 956 3774 beneficium,
974 3698 1113 3759 nimirum
1128 3695 1200 3758 illud
1214 3711 1275 3772 quo
1289 3711 1342 3756 nos
1364 3710 1382 3756 a
1396 3695 1567 3773 pestilentia
1593 3694 1668 3754 iibe-

447 3799 532 3856 ratos
556 3797 688 3873 voluisti,
704 3798 905 3858 deveniamus.
921 3800 960 3856 ut
980 3797 1061 3874 quod
1075 3799 1134 3856 lam
1148 3812 1239 3874 grave
1253 3811 1289 3855 ac
1303 3797 1441 3854 ornatum
1456 3793 1600 3854 orationis
1614 3809 1668 3872 ge·

447 3910 504 3952 nus
528 3892 688 3970 invenitur,
702 3894 795 3971 quod,
811 3898 845 3956 ut
859 3912 913 3972 par
926 3896 986 3962 est,
1003 3896 1117 3954 tantum
1133 3895 1204 3954 tuae
1218 3890 1338 3953 virtutis
1352 3908 1460 3952 munus
1474 3891 1574 3951 verbis
1588 3906 1669 3950 com·

447 3987 538 4064 plecti
553 3990 646 4067 possit
658 3988 929 4066 tQuandoquidem
942 3989 1040 4051 adbuc
1050 4005 1154 4048 recens
1165 3985 1246 4064 apud
1263 4003 1317 4047 nos
1331 3989 1379 4047 est
1393 3985 1596 4048 luneslissima
1606 4001 1669 4046 me·

444 4086 540 4145 moria
565 4088 788 4149 crudelissimae
805 4087 883 4148 illius
897 4084 1003 4161 cladis,
1018 4102 1096 4161 quae
1106 4085 1301 4163 quadraginta
1315 4083 1424 4145 abhinc
1438 4084 1523 4144 annis
1550 4084 1609 4145 boc
1623 4099 1672 4143 re·

443 4195 546 4255 gnum,
559 4187 651 4259 atquc
665 4185 739 4246 banc
751 4185 856 4245 urbem
868 4183 1021 4244 hominum
1034 4180 1274 4244 florentissimam
1286 4180 1457 4243 bominibus
1470 4197 1545 4257 pene
1557 4180 1654 4241 bausit
1666 4224 1673 4239 .

416 4335 417 4338 ,
448 4272 499 4332 Vri
525 4276 579 4355 ipsi
600 4278 677 4339 enim
694 4280 777 4341 bisce
791 4278 886 4340 oculis
902 4293 965 4338 'non
979 4278 1042 4338 sine
1063 4276 1255 4337 amarissimis
1277 4276 1414 4355 lacrimis
1429 4275 1570 4351 vidimus,
1588 4274 1636 4336 vel
1654 4291 1673 4336 a

445 4371 606 4451 majoribus
619 4378 690 4436 nain
704 4395 760 4439 non
773 4378 836 4438 sine
849 4378 979 4439 maximo
993 4376 1081 4438 animi
1098 4377 1200 4437 dolore
1211 4373 1391 4452 accepimus,
1405 4373 1577 4451 pestiferam
1590 4373 1673 4435 illam

445 4469 546 4530 tabem
560 4474 619 4532 tam
636 4474 744 4534 misere
759 4476 816 4535 boc
829 4492 967 4553 regnum,
985 4475 1063 4534 banc
1079 4476 1184 4536 urbem
1199 4473 1347 4547 olfecisse,
1362 4476 1397 4533 ut
1412 4471 1522 4548 ubique
1533 4471 1673 4532 locorum

447 4560 620 4639 languentes
635 4568 717 4644 aegri
731 4568 878 4643 jacerent,
893 4569 1073 4655 quos,.omui
1085 4568 1251 4630 communis
1263 4567 1384 4628 remedii
1398 4583 1433 4627 ac
1446 4563 1673 4647 peculiarisau·

447 4654 508 4713 sitii
524 4659 607 4733 copia
622 4659 791 4737 desperata,
816 4662 892 4724 anxi
910 4663 1055 4724 nralorum
1083 4662 1208 4724 comites
1221 4680 1325 4741 augur,
1344 4678 1462 4724 moeror
1487 4678 1523 4721 uc
1537 4659 1675 4738 gemitus

449 4749 638 4830 alligicbant.
661 4756 788 4820 Vidisses
803 4758 852 4822 bic
866 4761 1019 4825 exanimos
1035 4777 1144 4841 pueros
1160 4777 1250 4840 supra
1262 4758 1432 4823 exanimata
1447 4764 1607 4840 parentum
1622 4777 1674 4823 cu·
