3942 5592
318 615 409 691 Narro,
421 620 455 676 ut
466 620 576 693 inquit,
590 620 701 678 veritae
714 613 831 690 animm
845 612 1059 672 iueurulissima
1068 607 1148 685 socie
1172 620 1215 674 εει
1227 657 1236 690 ,
1260 621 1314 680 red
1334 620 1422 682 aliter
1441 623 1519 682 dete·

321 700 384 754 artat
401 697 539 759 Euclidie
552 698 760 757 demonstratio
773 692 933 761 intellecta,
948 691 1035 749 aliter·
1048 698 1167 752 amaa
1175 701 1279 769 poetae
1299 699 1420 761 datura.
1437 702 1491 762 Del
1508 735 1520 746 ·
1562 750 1568 762 .

287 820 289 824 »
322 779 381 833 alat
393 776 492 854 illud,
507 777 558 836 ubi
571 777 848 841 amorsrraaarar
862 777 903 832 ειε
920 775 1084 845 assecutus,
1101 779 1173 847 qaia
1186 784 1377 843 assecuturos
1400 799 1519 842 uerum.-

321 855 447 915 deleetal
461 862 557 918 amem
572 855 638 932 lroe,
652 859 725 931 qm'a
740 859 771 912 in
784 868 817 910 eo
838 851 1001 911 admiraris
1010 850 1183 927 paleltrum.
1204 856 1307 918 Verum
1322 865 1418 921 autera
1432 861 1519 920 intel·

319 933 410 998 aare
425 938 567 998 obiectum
580 932 793 1012 aripatorium
806 937 903 993 autem
922 930 1156 1008 eramenlraqae
1169 940 1289 1013 quando
1302 939 1432 1017 lipamen
1441 940 1521 1020 fipu·

320 1019 415 1073 ratam
430 1021 490 1078 tam
504 1033 627 1092 amam,
644 1021 761 1091 tamque
775 1028 875 1071 raram
890 1013 1083 1088 aptitudinem
1096 1018 1173 1074 inter
1181 1021 1284 1093 partes
1297 1021 1453 1099 catlipatas
1465 1020 1523 1098 esli-

318 1099 390 1172 ciat,
406 1103 440 1157 ut
453 1101 550 1159 oirtur
565 1095 679 1174 inpenii
692 1102 723 1156 in
734 1111 767 1153 eo
774 1091 830 1168 fiat
836 1096 1034 1169 praeeipuam
1048 1092 1255 1156 admirationis
1267 1098 1421 1175 olearium,
1435 1101 1522 1161 lrabe-

317 1174 413 1237 oimae
427 1182 459 1237 in
472 1181 551 1238 dicto
564 1192 688 1237 manaen
701 1172 857 1248 attrahite,
881 1175 969 1248 atque
983 1173 1016 1230 in
1029 1189 1062 1230 eo
1072 1172 1326 1246 paietrnaainem
1341 1202 1352 1249 ,’
1374 1198 1443 1239 nam
1453 1180 1524 1256 pul-

314 1250 452 1394 elrpitudo
467 1265 511 1321 εει
522 1263 594 1334 apta
606 1262 739 1335 partiam
755 1252 919 1321 collocata·
932 1256 960 1311 et
970 1268 1010 1311 en
1020 1255 1259 1331 contemplatione
1268 1259 1520 1341 pulchritudinis,

314 1350 352 1394 oo
367 1341 506 1412 uptalem.

361 1416 421 1476 Sed
433 1419 511 1479 aitril
526 1422 617 1492 aetat,
631 1419 704 1493 auin
720 1418 806 1474 oculo
820 1415 900 1475 dieto
914 1412 1032 1486 audito,
1046 1416 1074 1470 et
1085 1414 1251 1478 intellectus
1262 1415 1346 1476 mevi
1357 1461 1366 1494 ,
1382 1424 1409 1479 et
1423 1417 1518 1495 sarilo

319 1491 475 1574 doceatur,
489 1504 516 1558 et
535 1496 663 1574 puteltro
686 1499 839 1569 inpertiam
850 1493 1017 1554 delectetur.
1036 1493 1087 1553 Ee
1102 1510 1160 1568 pua
1169 1497 1216 1574 fit,
1231 1499 1310 1574 prod
1325 1503 1421 1559 raaior
1436 1501 1518 1560 uolu-

313 1578 389 1650 ptas
403 1583 538 1637 nascitur
554 1597 595 1637 ece
609 1580 695 1637 arato
707 1579 797 1649 dieto,
809 1592 897 1651 quam
910 1571 1082 1632 nrotlremate
1104 1574 1302 1638 demonstrato
1316 1618 1324 1648 ,
1346 1596 1406 1638 non
1422 1580 1518 1640 solum
1636 1630 1639 1640 .

318 1670 359 1712 aa
372 1652 431 1717 lae
445 1663 569 1732 ratione,
590 1659 644 1718 sed
656 1674 697 1717 ee
710 1655 873 1730 aliperaaaa
887 1671 957 1712 moe
968 1651 1118 1714 arbiieiat.
1133 1655 1233 1735 llam,
1248 1659 1279 1716 at
1292 1659 1371 1716 idem
1386 1662 1523 1735 Perepri·

316 1738 387 1795 mur
398 1742 476 1797 recte
487 1740 655 1816 distinavit,
663 1733 861 1812 plrilosoplrae
877 1734 1011 1793 docendo
1025 1731 1133 1810 deiepit
1148 1739 1212 1813 ipse
1224 1742 1388 1812 vernano
1398 1744 1432 1797 ut
1442 1737 1521 1801 neta

317 1816 453 1876 auditori
466 1819 635 1896 relinquar,
662 1833 720 1893 quo
744 1819 771 1873 is
784 1831 837 1874 ouo
850 1817 969 1888 inperio
981 1811 1149 1874 delectetur.
1170 1819 1280 1876 Orator
1295 1822 1391 1877 autem
1406 1860 1415 1893 ,
1437 1826 1523 1880 arata

318 1893 396 1955 dieto
404 1897 528 1973 prolato
541 1897 626 1976 afficit
632 1892 804 1972 putatorum,
821 1892 903 1970 qaod
917 1897 978 1968 ipsi
1001 1894 1137 1952 auditori
1160 1895 1355 1975 detependum
1368 1898 1519 1976 relinquit.

319 1973 397 2034 Nam
408 1984 499 2038 acuta
513 1978 591 2039 dieto
600 1977 732 2055 prolato,
747 1973 800 2033 lroe
814 1978 857 2032 εει
871 1972 1073 2032 subindicata
1093 1974 1249 2049 tipamiris
1269 1979 1384 2037 ratione
1398 1979 1520 2039 auditor

315 2069 380 2112 eam
390 2062 525 2135 vestr'pal,
537 2061 665 2119 medium
676 2059 795 2132 errare,
807 2059 940 2114 eatrema
950 2052 1074 2127 confert,
1085 2059 1282 2130 aptitudinem
1293 2059 1520 2134 emuenrprlatum

316 2137 343 2191 ει
357 2139 423 2210 ipso
438 2138 546 2212 detepit
557 2134 739 2215 partiturum,
762 2132 843 2209 quod
866 2136 966 2194 orator
980 2133 1086 2213 effecit.-
1101 2135 1181 2195 unde
1197 2141 1260 2214 ipse
1274 2136 1332 2198 rior
1346 2141 1520 2216 inpeniorus

314 2215 442 2352 ιιιιιιιειιιε,
458 2223 484 2277 ει
498 2226 584 2278 arato
599 2221 676 2279 dieto
686 2231 745 2275 non
758 2221 818 2275 lam
831 2217 863 2272 ul
875 2211 912 2273 ab
927 2214 1167 2290 aratoreprolalo
1183 2260 1192 2293 ,
1206 2234 1295 2295 qaam
1309 2222 1343 2276 ut
1358 2234 1421 2277 ase
1437 2219 1522 2279 intel·

344 2299 389 2353 aia
403 2298 574 2359 delectatur.
1449 2295 1451 2301 ’

358 2375 438 2435 Hine
452 2377 508 2438 itta
522 2376 730 2455 explicantur,
745 2376 824 2451 quod
837 2376 1021 2450 aaaarrrtum
1033 2376 1146 2434 dietam
1157 2374 1271 2440 breor'ur
1285 2384 1349 2453 εει,
1372 2397 1406 2439 eo
1421 2385 1527 2458 napis,

316 2452 451 2517 delectat¹
472 2459 569 2534 Quare
588 2463 685 2518 minus
699 2457 825 2516 deleetal
838 2452 1020 2530 similitudo,
1042 2471 1131 2531 quam
1145 2453 1239 2534 tyron
1248 2479 1261 2528 ‚-
1286 2459 1385 2536 tracon
1397 2466 1516 2535 minue,

318 2550 408 2610 quarn
422 2536 607 2615 metaphora.
626 2535 796 2598 Similitudo
815 2538 858 2595 εει
872 2575 881 2608 ,
894 2537 938 2594 ita
951 2533 1087 2595 Boeotius
1098 2540 1205 2611 patera
1216 2540 1363 2616 propellit
1376 2539 1468 2613 ellim,
1484 2545 1518 2600 ut

318 2613 401 2674 Mars
411 2616 514 2696 elppeo
526 2616 670 2695 propellit
680 2614 785 2677 leorter.
796 2617 899 2694 Hycon
909 2617 1005 2672 autem
1017 2619 1069 2691 ert,
1083 2615 1220 2677 Boeotius
1231 2624 1349 2695 patera,
1364 2625 1515 2698 tamquam

319 2693 425 2774 clypeo
437 2698 579 2775 propellit
592 2702 681 2761 sitim.
700 2696 874 2774 Metaplrora
884 2709 954 2753 nero
967 2697 1021 2770 esi,
1031 2695 1147 2756 Barata
1162 2696 1263 2776 clypeo
1276 2703 1356 2759 sitim
1363 2701 1516 2778 propella-

814 2813 1042 2826 ψ

316 2966 390 3024 detto
404 2975 488 3023 notato
502 2968 528 3025 di
542 2984 595 3024 una
609 2975 697 3039 poeta.
714 2969 755 3023 lla
769 2966 793 3022 la
807 2968 1013 3024 diarostrazione
1027 2968 1044 3020 ιι
1057 2965 1159 3035 diluta,
1171 2967 1278 3037 quando
1289 2967 1306 3022 ι’
1315 2966 1356 3021 hai
1368 2983 1521 3039 compensa,

316 3041 417 3113 perche
430 3041 473 3098 hai
488 3059 634 3114 compreso
645 3043 663 3099 ιι
679 3059 752 3113 ver03
768 3058 813 3098 nra
825 3043 842 3098 ιι
857 3043 929 3099 detto
945 3049 1036 3104 acuto,
1051 3039 1150 3110 perche
1162 3043 1189 3096 in
1202 3058 1263 3097 enno
1277 3042 1383 3097 ammiti
1403 3042 1420 3097 ιι
1441 3044 1522 3100 betto.

315 3118 336 3175 ιι
349 3134 414 3174 vero
425 3119 467 3188 poi
482 3116 497 3174 ὲ
511 3121 628 3176 obbietto
639 3118 850 3189 dett‘inteltetta,
862 3118 882 3173 ιι
891 3118 962 3174 lretlo
974 3116 1170 3188 dell‘tngegno.
1182 3118 1233 3174 Per
1242 3117 1268 3172 lo
1279 3116 1329 3171 ebe
1339 3116 1446 3188 quando
1457 3118 1475 3174 ιι
1487 3119 1526 3174 lo-

315 3209 395 3266 game
414 3195 569 3267 congiunge
583 3195 607 3251 le
621 3196 688 3266 parti
703 3196 728 3250 in
743 3195 800 3249 cont
814 3210 901 3250 nuova
914 3195 1001 3266 figura
1014 3208 1028 3247 e
1043 3193 1190 3264 petlegrina
1210 3193 1409 3264 aggiuatatezza
1430 3193 1480 3249 ohe
1500 3193 1526 3250 ln

315 3269 391 3326 ειειὺ
403 3268 465 3325 dete
474 3272 589 3343 ingegna
602 3270 784 3328 travairieedl
798 3277 893 3341 questo
907 3270 1009 3341 laganae
1022 3267 1123 3325 diventi
1135 3267 1154 3323 ιι
1168 3267 1314 3339 principato
1334 3267 1454 3325 olibietto
1468 3268 1526 3327 del·

315 3343 332 3400 l'
344 3346 544 3416 ammirnzione3
560 3349 765 3404 aeromantiam
779 3346 822 3402 nel
837 3345 912 3403 detto
926 3361 962 3401 un
976 3344 1097 3401 mirabile
1108 3359 1216 3411 nonme,
1230 3359 1245 3399 e
1258 3346 1285 3399 in
1298 3358 1360 3399 esso
1374 3342 1398 3398 ta
1411 3343 1526 3402 betlezza

317 3418 421 3492 (poiche
433 3420 570 3478 betlezzae
585 3421 740 3480 l’nceoncin
751 3420 986 3493 dispasiziondette
996 3420 1087 3493 partit,
1098 3435 1113 3477 e
1123 3435 1171 3490 per
1182 3419 1207 3476 ln
1217 3418 1444 3491 contemptazione
1455 3419 1525 3479 detta

315 3496 434 3553 betleem
446 3496 465 3551 ιΙ
480 3496 675 3554 ιιιιειιεεηειιιο.

356 3571 498 3628 tinniente
512 3573 655 3645 vietnehe,
671 3571 778 3631 ndendo
791 3591 828 3631 un
842 3572 914 3630 detto
928 3578 1022 3641 acuto,
1037 3571 1070 3628 ad
1085 3587 1136 3627 nnn
1156 3570 1173 3626 P
1182 3571 1316 3628 intelletto
1336 3569 1488 3626 taeilmente
1510 3588 1526 3627 e

319 3648 494 3705 brenemente
507 3649 528 3702 ε’
539 3651 705 3717 ammneairi,
720 3664 735 3703 e
748 3650 764 3705 i
775 3651 889 3723 ingegno
901 3650 923 3704 si
937 3648 1023 3705 ditetti
1037 3647 1080 3704 del
1093 3646 1176 3703 bello.
1193 3648 1212 3702 E
1229 3647 1263 3703 da
1276 3648 1319 3703 oio
1333 3647 1460 3716 avviene,
1475 3647 1528 3702 che

317 3725 410 3794 piacet
423 3727 561 3796 maggiore
576 3724 610 3780 da
625 3741 661 3780 un
675 3733 802 3781 oonceito
815 3765 823 3792 ,
838 3727 888 3781 che
904 3741 957 3781 nnn
970 3724 1090 3780 dottrina
1103 3723 1272 3779 dimostrata.
1286 3724 1307 3779 E
1326 3738 1379 3777 nan
1400 3723 1457 3777 anto
1478 3738 1527 3792 per

315 3799 333 3854 ι’
346 3813 494 3855 accennaea
507 3800 629 3871 ragione,
643 3815 686 3856 ma
700 3817 748 3871 per
762 3801 807 3857 un'
819 3802 887 3859 nitra
900 3801 951 3858 ohe
962 3815 1011 3856 ora
1023 3799 1182 3872 soggiunge.
1197 3794 1399 3869 tmpereiocch'e
1413 3799 1498 3868 (come
1509 3799 1526 3854 ιι

318 3874 467 3931 modestam
482 3875 624 3949 Pellegrini
635 3883 796 3932 rettnrnente
807 3877 961 3949 distinguet,
975 3884 1080 3932 mentre
1094 3874 1113 3930 il
1126 3874 1230 3930 filasolo
1244 3876 1366 3945 inaegnn,
1381 3888 1499 3944 scuopre
1509 3875 1527 3929 ιι

319 3965 383 4005 varo
397 3947 476 4019 coel,
493 3950 543 4007 che
558 3953 645 4008 niente
662 3951 746 4008 laonia
761 3951 935 4022 atl‘uditore,
950 3967 998 4007 ove
1013 3950 1136 4023 inrpieghi
1150 3949 1169 4006 it
1184 3953 1292 4022 proprio
1307 3952 1437 4021 ingegno,
1452 3965 1467 4004 e
1480 3965 1527 4006 sen

317 4025 496 4095 conopiacein.
513 4028 555 4082 Mn
569 4027 587 4083 ι’
599 4028 884 4099 oratore,prolerendo
894 4028 913 4084 ιι
926 4035 1064 4097 concello,
1074 4027 1100 4083 la
1111 4027 1129 4081 ιι
1143 4025 1212 4082 betto
1222 4028 1272 4082 che
1283 4025 1366 4082 inscia
1380 4025 1527 4095 aecoprire

317 4100 362 4156 arr
375 4101 489 4158 uditate.
502 4103 555 4159 Cho
570 4112 723 4159 veromente
736 4105 850 4161 essendo
865 4104 907 4159 net
921 4111 1046 4160 concerto
1061 4102 1176 4160 indicata
1187 4117 1235 4172 per
1248 4085 1369 4157 hartunle
1393 4099 1417 4155 ta
1436 4101 1529 4172 region

315 4175 359 4253 dal
372 4176 486 4249 legatae,
503 4178 519 4234 ι’
528 4178 635 4234 uditate
648 4178 674 4234 la
685 4196 719 4235 va
730 4180 878 4245 cernendo,
891 4188 970 4235 trava
984 4179 1003 4236 ιι
1017 4195 1106 4235 mezzo
1117 4178 1242 4246 termine,
1251 4191 1387 4250 paragano
1398 4175 1530 4247 gtiestre·

321 4252 371 4320 mi,
387 4268 419 4308 ne
433 4254 621 4324 contemplata
635 4258 824 4327 conventam,
839 4256 873 4312 ed
886 4256 941 4328 egli
954 4255 987 4311 dn
998 4252 1026 4310 se
1040 4254 1187 4323 diseuopre
1201 4253 1219 4308 it
1232 4253 1314 4322 betto,
1328 4251 1379 4307 ohe
1393 4250 1529 4308 innatare

319 4328 396 4384 creo.
411 4330 433 4384 Ε
447 4330 504 4385 cosi
519 4331 554 4402 gli
569 4346 633 4400 pare
646 4345 737 4387 essere
749 4332 895 4403 ingegnoao
907 4330 959 4402 egli
970 4338 1070 4397 stesso,
1082 4346 1097 4385 e
1108 4330 1271 4408 complaceat
1281 4329 1323 4385 del
1335 4335 1462 4383 concerto
1475 4344 1528 4383 non

318 4419 399 4460 come
414 4403 447 4459 da
461 4405 520 4460 altri
533 4405 676 4477 proterite,
691 4422 734 4462 ena
752 4424 831 4463 conte
841 4410 875 4464 ela
889 4406 918 4463 s'e
933 4422 1086 4476 compenso,

355 4481 387 4536 Di
400 4495 454 4551 qua
466 4481 487 4535 ει
502 4485 602 4554 spinga,
618 4481 717 4550 pereni
731 4482 748 4538 ιι
762 4490 889 4539 concerto
902 4480 1029 4554 quantoe
1043 4481 1089 4552 ριὺ
1103 4482 1184 4536 breve
1198 4480 1244 4551 pin
1258 4477 1355 4533 ditetti.
1377 4479 1532 4536 certarnen·

318 4561 344 4611 te
356 4554 454 4612 diletta
468 4571 545 4612 mena
559 4557 768 4613 insimilitudine
783 4559 832 4615 aba
847 4558 1024 4629 l'inrmagine3
1041 4557 1203 4628 lirnmagine
1217 4570 1296 4613 meno
1309 4553 1359 4609 cho
1380 4552 1405 4609 la
1418 4557 1530 4612 metalo-

317 4646 359 4688 ra.
373 4629 550 4688 similitudine
564 4631 588 4688 e:
608 4635 717 4688 unacco
731 4634 773 4689 eol
784 4649 871 4705 nappo
882 4635 938 4689 cast
948 4636 1042 4689 cannia
1052 4633 1077 4688 la
1088 4642 1236 4702 saracenae
1251 4632 1333 4686 ltnrte
1343 4627 1413 4684 collo
1425 4631 1532 4710 scudoj

316 4707 415 4764 numici
425 4703 636 4779 »Eimmaginer
656 4710 858 4766 rBaccolneete
873 4709 966 4764 caenia
979 4709 1024 4764 eol
1037 4725 1135 4781 nappe,
1150 4709 1228 4779 quasi
1241 4721 1291 4760 con
1307 4721 1360 4760 erno
1374 4705 1460 4761 reuda
1470 4731 1494 4762 r.
1511 4712 1531 4763 E
1573 4763 1579 4775 ,

316 4783 458 4844 matulam:
474 4807 486 4836 r
503 4785 625 4845 caecian
639 4786 664 4843 la
677 4793 734 4846 sete
747 4786 819 4846 aolto
832 4784 918 4842 nando
932 4783 958 4841 di
972 4787 1060 4843 Bacca
1073 4809 1098 4840 υ.
1114 4786 1152 4841 La
1164 4783 1257 4857 region
1271 4779 1314 4839 del
1329 4780 1434 4855 loganae
1448 4783 1493 4853 pin
1508 4787 1531 4840 si
