3942 5592
780 593 822 641 uu
837 590 993 645 nunninus
1005 589 1121 641 otutcu
1135 589 1303 641 annuenti.

412 769 415 774 ·
488 739 641 816 Imprimis
656 741 780 798 oratam
794 742 838 798 est
847 739 963 816 ltectuu
976 745 1090 801 ammos
1102 739 1240 801 dictione.

385 857 387 860 .
489 818 589 894 Quare
603 821 729 879 aretoas
741 823 874 878 muneris
882 823 987 896 partes
1008 824 1075 882 nent
1090 818 1247 896 delectare,
1261 819 1366 885 aloem
1378 865 1391 900 ,
1402 831 1593 879 conmanere.
1614 812 1657 877 El

450 915 522 960 sane
536 903 564 961 is
589 903 716 977 optimus
731 904 788 958 erit
802 903 919 975 nator,
934 903 988 975 qui
1001 903 1175 977 optimorum
1187 900 1401 979 siqnificatione
1414 915 1529 960 morunt
1542 895 1596 959 nub
1609 895 1659 955 at-

447 980 535 1039 cendi
546 982 642 1039 initiis
656 976 795 1038 conciliat
807 978 866 1039 sibi
876 984 991 1039 animos
1005 982 1193 1053 nutans,
1207 985 1240 1040 ut
1254 981 1381 1042 vonna
1394 1028 1403 1058 ,
1417 997 1452 1039 nc
1467 979 1587 1039 libentes
1599 992 1658 1035 aus·

448 1062 547 1121 aiant.
564 1059 751 1135 Arqunzentis
764 1077 835 1119 uero
847 1062 881 1116 in
894 1066 961 1136 ipsa
974 1065 1154 1121 contentione
1162 1059 1252 1135 fidem
1262 1079 1370 1125 causae
1382 1063 1490 1141 saciat,
1505 1064 1539 1119 nt
1552 1071 1659 1116 veram

447 1139 592 1199 audant:
606 1142 824 1200 electrannum
847 1141 993 1214 qnnsann
1013 1139 1226 1217 alcuiniana
1239 1146 1348 1202 enims
1368 1137 1658 1203 eanumetemadma-

448 1222 526 1296 uea't,
541 1223 569 1279 et
581 1236 655 1296 quos
675 1217 746 1279 uelit
765 1217 887 1298 affectus
901 1225 1097 1295 commoueat,
1112 1225 1145 1279 ut
1167 1223 1248 1298 quood
1260 1222 1388 1283 intendit
1401 1269 1410 1300 ,
1424 1223 1524 1298 aqant
1542 1216 1658 1277 Hannon

442 1303 575 1378 partium
583 1304 685 1377 prima
698 1298 857 1373 tentum,
871 1299 971 1360 acedia
983 1317 1106 1361 amman
1116 1343 1126 1378 ,
1138 1369 1140 1373 ¹
1150 1305 1238 1360 tertia
1258 1306 1318 1363 aisn
1333 1306 1477 1362 naonis
1491 1298 1656 1360 essaeus.

449 1384 546 1456 Atque
561 1377 614 1439 boc
622 1381 712 1456 pacto
726 1383 824 1438 orator
838 1380 1028 1441 delectatione
1040 1383 1154 1457 captat,
1170 1385 1296 1442 ueritate
1308 1387 1404 1459 tenet,
1420 1379 1528 1460 affectu
1541 1378 1661 1436 comor-

448 1463 519 1539 quet
529 1461 692 1520 auditores.
707 1456 825 1519 Rimas
838 1462 965 1521 insidiae
979 1465 1058 1538 sunt,
1067 1465 1235 1538 postremae
1247 1463 1418 1534 machinae·
1433 1469 1465 1523 in
1474 1457 1658 1536 arqunncntts

451 1543 548 1600 autern
561 1556 701 1618 qenerosa
714 1539 896 1616 eloquentiae
905 1545 1002 1602 uirtus
1015 1545 1157 1622 aqu-sistit.
1169 1541 1207 1603 Et
1216 1541 1337 1618 quidem
1342 1545 1438 1619 fidam
1447 1554 1555 1600 causae
1568 1532 1659 1596 aulu-

449 1619 515 1682 bere
527 1624 708 1681 necessitatis
720 1626 773 1695 est,
787 1637 840 1681 nec
850 1624 1071 1683 excusationem
1083 1623 1219 1682 admittit.
1230 1621 1293 1681 Nec
1303 1627 1380 1701 quia
1393 1640 1464 1685 sane
1474 1616 1604 1696 anplius
1617 1612 1656 1674 ab

450 1699 567 1762 oraim
580 1703 727 1777 sapientes
747 1704 912 1777 requirunt:
932 1705 1044 1779 utpote,
1058 1706 1112 1778 qui
1123 1718 1194 1762 uera
1206 1710 1380 1781 sequuntur,
1401 1706 1475 1780 quia
1487 1714 1561 1758 uera
1575 1697 1656 1757 mut.

452 1779 514 1843 Sea
525 1785 600 1859 quia
613 1780 778 1858 eloquentia
793 1781 992 1857 multitudini,
1007 1786 1034 1842 et
1047 1782 1137 1859 auclqo
1147 1780 1232 1857 sacta
1244 1788 1301 1854 esl‚·
1316 1785 1421 1862 quibua
1434 1792 1535 1841 uerunt
1555 1778 1599 1835 erl
1612 1777 1660 1834 ἰπ-

450 1867 578 1938 quium,
591 1864 653 1922 nisi
666 1859 812 1922 illecebris
826 1859 986 1921 iucundum
999 1878 1112 1939 quoqne
1121 1860 1201 1935 fiat3
1225 1880 1277 1923 nec
1294 1871 1372 1927 reete
1384 1864 1505 1941 quictem
1516 1855 1658 1934 faciunt,

450 1947 512 2002 nisi
524 1943 654 2019 quadarn
669 1939 807 2003 libidinis
819 1945 992 2019 impotentia
1006 1942 1129 2020 abrepti:
1139 1942 1250 2002 iula'rco
1262 1946 1392 2006 nonnus
1406 1937 1577 2011 detinendo,
1591 1931 1661 2014 uffi-

451 2022 544 2084 ctibus
555 2022 769 2100 inflammanda
782 2027 824 2081 est
836 2027 939 2082 oratio.
951 2022 991 2083 ut
1003 2018 1049 2084 bus
1060 2026 1197 2100 paroqis
1209 2027 1341 2085 munim
1349 2025 1518 2104 eloquentia
1529 2019 1659 2076 milit·

451 2105 513 2163 tur:
529 2119 582 2163 nec
595 2100 682 2163 aliter
696 2105 759 2164 eins
772 2118 858 2162 sacra
868 2107 1065 2180 peraquuun
1637 2109 1641 2117 “

843 2275 886 2324 DE
900 2275 1050 2324 utuunut
1065 2277 1279 2330 uuntoutcnn.

496 2421 692 2502 Eloquentiae
703 2439 777 2502 opus
790 2428 834 2484 est
841 2428 1011 2499 personna,
1025 2429 1087 2485 siue
1098 2425 1255 2490 inclinatio
1263 2429 1440 2492 calametis
1453 2428 1597 2492 Voluntas
1606 2445 1661 2489 nn-

951 2647 1135 2661 m

795 2803 884 2845 neuun
900 2803 977 2844 nunni
988 2788 1173 2845 nnun’nnatzto
1186 2805 1324 2847 annuento.

498 2955 726 3029 Princiqulmente
740 2962 830 3028 sqettn
842 2955 885 3012 ell’
897 2955 1011 3013 Oratore
1025 2957 1121 3029 niegnr
1134 2955 1170 3029 gli
1183 2958 1266 3013 animi
1279 2955 1323 3013 col
1337 2956 1407 3016 dire

437 3070 438 3073 =
498 3030 636 3091 Perlocbb
660 3049 727 3089 sono
750 3031 824 3104 perti
838 3031 880 3089 dcl
894 3031 978 3088 darer
992 3047 1053 3092 suo,
1070 3031 1229 3103 ditettare,
1244 3038 1419 3105 insequere,
1439 3048 1587 3105 munnae.
1603 3034 1666 3091 nn

461 3110 552 3168 verite
565 3109 663 3166 ottimo
677 3108 740 3164 surb
752 3107 832 3180 quell’
841 3108 954 3165 Oratore
967 3107 1018 3163 che
1032 3108 1058 3162 in
1072 3107 1204 3178 principio
1218 3109 1261 3164 bel
1273 3106 1341 3176 dire,
1357 3111 1541 3167 mostrandosi
1556 3111 1667 3166 atume-

463 3179 557 3244 mente
572 3192 742 3255 aestumato,
759 3185 781 3239 si
796 3183 915 3240 concilia
929 3182 966 3254 gli
981 3183 1059 3238 animi
1075 3183 1145 3255 degli
1159 3184 1281 3254 uditori,
1297 3184 1446 3242 acciocche
1460 3186 1598 3242 valentiori
1611 3200 1627 3241 e
1640 3184 1667 3240 bi

461 3262 536 3319 buon
550 3260 635 3334 gredo
648 3258 795 3316 asculano:
812 3257 905 3330 quindi
918 3257 988 3314 nella
1001 3258 1180 3324 Contentione
1195 3259 1291 3316 istessa
1304 3259 1410 3316 diacon
1423 3263 1575 3336 argumenti
1588 3267 1667 3316 auto-

463 3336 518 3394 rin
531 3353 546 3392 e
561 3335 665 3393 credito
678 3335 733 3392 ulla
746 3338 842 3391 Causa.
855 3333 877 3390 sl
892 3333 943 3390 che
955 3333 980 3389 ln
995 3334 1094 3390 creden
1106 3351 1180 3406 vera3
1192 3335 1271 3392 alfiae
1281 3336 1405 3391 inflamari
1418 3337 1455 3410 gli
1469 3337 1547 3393 animi
1561 3336 1668 3393 de’me·

467 3411 564 3469 decimi
579 3427 632 3469 con
646 3419 732 3475 certe,
747 3410 817 3483 birb,
834 3409 886 3466 luci
906 3408 931 3465 bi
946 3409 1104 3480 eloquenza,
1120 3426 1135 3466 e
1156 3410 1211 3483 agli
1225 3411 1319 3478 alletti,
1333 3411 1377 3467 cb’
1389 3413 1414 3467 ei
1428 3412 1519 3482 nutele,
1540 3412 1578 3483 gli
1592 3426 1669 3468 conu-

468 3503 581 3555 muora,
596 3485 696 3558 perche
709 3485 800 3557 quella
814 3486 865 3543 che
878 3485 929 3557 egli
944 3485 1051 3541 intende
1065 3486 1223 3557 adoperino.
1245 3488 1283 3542 Le
1293 3487 1379 3558 primu
1399 3486 1424 3545 di
1438 3494 1534 3559 questu
1548 3488 1618 3558 parti
1631 3488 1668 3544 ri·

468 3563 565 3620 chiede
580 3561 775 3633 uincevolezza,
791 3561 817 3617 le
831 3560 951 3618 seconde
964 3575 1073 3627 acume,
1088 3560 1114 3617 la
1129 3569 1204 3618 lerze
1217 3563 1291 3618 lurzn
1305 3562 1333 3618 ‹ll
1345 3564 1478 3618 uranicae.
1494 3565 1515 3619 E
1529 3579 1579 3636 per
1593 3562 1667 3620 colel

466 3639 553 3696 modo
566 3638 584 3694 l’
596 3639 713 3694 Oratore
726 3636 770 3693 col
784 3637 877 3694 diletta
891 3636 996 3707 prende
1009 3636 1046 3709 gli
1060 3637 1214 3706 assultanti,
1229 3637 1299 3696 colla
1312 3638 1397 3695 veritb
1416 3638 1434 3694 li
1446 3640 1529 3702 tiene,
1552 3637 1617 3695 coll‘
1628 3638 1669 3696 nl·

464 3714 533 3772 letto
550 3713 567 3769 li
581 3714 662 3786 piega
674 3727 690 3768 e
700 3714 804 3786 uggira.
821 3712 879 3769 blla
889 3713 977 3782 primu
989 3720 1193 3785 appartengono
1206 3714 1231 3770 le
1242 3713 1346 3784 incidie,
1361 3712 1668 3771 all’ultimalemuccbi·

465 3806 515 3846 ne:
531 3790 604 3861 negti
619 3789 769 3861 argumenti
783 3789 849 3859 perb
862 3788 981 3844 consiste
996 3787 1022 3843 la
1036 3802 1168 3860 generosa
1181 3789 1255 3844 torzn
1268 3806 1283 3846 e
1296 3790 1312 3846 il
1324 3789 1413 3846 valore
1433 3789 1496 3847 dell‘
1506 3786 1665 3860 elbquenna.

465 3867 489 3923 E
505 3872 664 3929 veramente
677 3863 835 3937 guednqnnr
848 3863 907 3920 tede
921 3879 936 3919 e
950 3863 1083 3919 eredcnzn
1097 3865 1149 3920 nlla
1162 3866 1250 3921 ceusu
1262 3863 1277 3921 i
1290 3864 1317 3922 bi
1330 3864 1517 3937 necessitb3ni
1527 3868 1583 3938 pub
1596 3866 1670 3922 l‘uo-

462 3956 509 4014 uto
527 3956 716 3998 eseusarsenc.
737 3938 803 3996 bull’
818 3941 930 3995 Oratore
943 3941 1035 3995 niente
1048 3939 1095 4009 piis
1108 3940 1280 4014 ricbieggnno
1292 3943 1301 3998 i
1316 3943 1453 4013 Sapienti,
1468 3943 1589 3998 siccome
1601 3956 1673 4014 que-

463 4015 500 4088 gli
518 4016 569 4073 che
583 4015 607 4072 al
621 4016 698 4073 nudo
712 4031 777 4071 veru
791 4030 878 4070 vunnu
892 4031 1034 4086 appresso,
1048 4018 1074 4071 in
1087 4025 1188 4087 quanto
1202 4016 1216 4072 b
1231 4033 1306 4074 vero.
1321 4018 1363 4073 lla
1376 4017 1491 4074 essendo
1505 4017 1573 4073 lette
1585 4016 1603 4074 l‘
1612 4018 1671 4074 elo·

464 4106 572 4162 qucnze
584 4108 634 4163 per
649 4092 675 4148 la
690 4090 859 4148 multitudine
880 4091 951 4162 epol
965 4090 1071 4164 vutlgo,
1091 4093 1137 4148 cui
1156 4095 1241 4148 ricsce
1256 4093 1362 4166 ingrata
1381 4093 1401 4148 il
1413 4109 1479 4150 vero
1498 4110 1548 4148 ove
1561 4109 1614 4148 nan
1629 4093 1671 4149 siu

465 4166 578 4223 condito
593 4167 619 4224 di
635 4165 777 4240 lusingbe,
799 4183 814 4223 e
834 4166 885 4222 che
900 4183 915 4222 a
930 4166 982 4222 ben
996 4167 1053 4223 lare
1066 4183 1120 4223 non
1134 4168 1155 4223 si
1170 4168 1249 4239 raige
1263 4185 1293 4225 se
1306 4184 1360 4225 non
1374 4176 1456 4225 tratte
1477 4168 1511 4224 dn
1529 4184 1583 4224 una
1596 4169 1670 4224 catal

463 4240 586 4299 violence
600 4242 626 4299 (li
640 4243 733 4314 nlletti3
748 4259 781 4299 ue
794 4242 953 4314 consaguita
967 4243 1073 4299 daversi
1088 4243 1200 4301 rendere
1214 4242 1361 4300 l’orazione
1375 4261 1427 4300 con
1438 4243 1507 4300 belle
1521 4244 1666 4301 munieras

465 4320 587 4374 costumi
600 4318 784 4389 cerezzevole,
799 4334 814 4374 e
827 4318 901 4392 cngli
914 4317 996 4377 atletti
1009 4319 1086 4375 calda
1100 4335 1115 4374 e
1129 4320 1300 4381 intiummeta.
1315 4321 1345 4376 ln
1359 4328 1455 4391 queste
1469 4320 1563 4392 giunte
1576 4319 1610 4375 ed
1624 4335 1672 4376 or·

402 4453 403 4456 ¹
465 4394 581 4452 namenli
592 4394 810 4452 messlmumenta
824 4402 867 4451 ste
878 4394 1064 4467 inlaqueant,
1079 4392 1113 4451 ne
1126 4394 1288 4453 attramento
1302 4396 1325 4451 si
1340 4396 1450 4453 lurebbc
1462 4411 1529 4451 cose
1542 4395 1667 4467 penetus.

826 4551 910 4592 nnuut
922 4528 1041 4592 nunnus
1055 4552 1138 4592 nnius
1151 4551 1303 4593 nemetes.

502 4671 612 4749 Propria
625 4674 760 4737 lnccsnda
774 4676 808 4735 ed
822 4693 905 4750 opere
918 4676 981 4737 bell'
990 4676 1138 4751 eloquenza
1151 4675 1166 4734 e
1180 4677 1205 4735 lu
1218 4676 1413 4752 persuasione3
1428 4679 1474 4736 oil
1488 4677 1595 4751 picam
1604 4677 1623 4737 l’
1633 4676 1672 4734 nl·
