3942 5592
325 576 467 641 leuandae
480 571 624 655 egestatis
636 588 738 633 amore
751 570 854 645 duola,
871 568 1032 631 maximam
1049 572 1258 648 pretiosissimi
1273 573 1428 637 muliebris
1443 581 1548 641 mnudi

322 679 451 752 partem,
464 672 627 750 quinquies
653 687 742 746 snpra
758 668 847 728 uicies
870 668 976 726 millies
991 684 1149 731 aureorum
1176 688 1327 732 nummum
1343 673 1544 752 aestimatam,

320 768 406 846 slipis
423 764 545 824 nomine
571 762 613 821 illi
637 761 785 839 erogauit.
802 759 827 817 0
850 757 904 818 riri
920 759 1102 819 disertorum
1117 763 1234 838 optimi,
1258 765 1438 840 optimorum
1454 768 1548 830 diser.

321 858 444 928 tissimi,
460 857 582 917 laudale
607 854 699 913 etiam
713 858 806 929 atque
820 853 910 913 etiam
925 854 982 912 boc
999 855 1157 930 egregium
1174 855 1295 917 uirtutis
1322 858 1455 936 lacinus3
1472 864 1548 924 acsi

321 954 392 1016 illud
409 953 523 1032 singuli
544 953 583 1013 ab
599 950 714 1012 cunctis
735 949 798 1009 suis
814 949 951 1023 partibus
965 951 1173 1008 courmendare
1198 951 1274 1012 band
1292 956 1423 1029 possitis,
1447 958 1548 1019 laudet

319 1047 367 1109 bic
395 1048 541 1108 eximiam
557 1045 647 1105 animi
663 1041 907 1120 magnitudinem,
926 1042 972 1099 ille
990 1042 1188 1102 incredibilem
1203 1062 1275 1122 erga
1290 1046 1383 1107 Deum
1398 1064 1544 1127 amorem,

319 1146 396 1204 alius
411 1142 619 1204 admirabilem
633 1143 828 1200 externorum
853 1138 999 1198 bonorum
1014 1137 1250 1218 despicientiam,
1267 1142 1344 1202 alius
1363 1144 1543 1222 singularem

319 1239 520 1301 humanitatis
544 1237 727 1315 adjuvandae
743 1235 923 1294 uoluntatem
938 1276 946 1304 ,
962 1241 1051 1311 alque
1076 1236 1116 1294 ita
1141 1253 1242 1297 omues
1263 1239 1393 1299 aeternis
1407 1243 1545 1304 laudibus

319 1331 395 1394 tanti
411 1328 555 1390 facinoris
569 1332 711 1393 exornate
725 1327 908 1386 memoriam.
921 1325 957 1384 Et
968 1343 1021 1387 nos
1032 1325 1068 1384 ad
1081 1325 1211 1402 ejusdem
1220 1345 1367 1390 summam
1380 1349 1452 1410 erga
1468 1352 1546 1395 rem-

318 1427 473 1506 publicam
486 1426 631 1503 pietatem
643 1422 769 1502 gradum
785 1424 936 1487 faciamus.
950 1423 1015 1483 Cari
1028 1423 1148 1498 quidem
1162 1425 1295 1501 prolecto
1308 1427 1456 1488 habentur
1469 1433 1541 1490 ami·

317 1529 357 1599 ci,
372 1523 501 1602 egregie
527 1524 588 1584 cari
602 1524 752 1600 parentes,
767 1521 908 1598 conjuges
923 1522 1095 1597 parentibus
1106 1523 1251 1599 cariores,
1267 1524 1351 1584 liberi
1365 1531 1544 1589 cunctorum

301 1623 484 1687 ,carissimit
499 1623 552 1682 sed
569 1637 671 1681 omnes
685 1619 816 1680 omnium
832 1620 973 1679 caritates
985 1623 1141 1698 complexa
1156 1627 1204 1682 est
1214 1641 1271 1684 una
1287 1623 1380 1700 ipsius
1391 1625 1502 1685 caritas
1514 1627 1543 1687 in

320 1720 552 1799 rempublicam,
570 1735 647 1795 qnae
670 1723 749 1778 tauta
763 1721 795 1776 et
810 1717 885 1808 adeo
899 1718 1020 1778 mirifica
1038 1719 1104 1792 luit,
1122 1723 1156 1779 ut
1171 1737 1263 1798 aegro
1284 1724 1382 1782 auimo
1397 1723 1488 1782 terret
1501 1722 1541 1804 (si

316 1821 417 1876 lamen
433 1830 526 1891 aeger
540 1815 683 1873 dicendus
697 1818 744 1873 est
757 1812 932 1873 baltrarinae
948 1815 1110 1891 aragoniae
1131 1817 1247 1875 animus
1264 1820 1345 1875 lanta
1360 1818 1471 1878 virtute
1484 1819 1542 1879 lor·

317 1913 437 1970 malus:
456 1906 509 1967 sed
534 1905 655 1982 quaudo
669 1904 802 1984 ejusdem
817 1905 901 1964 novis
927 1907 1124 1981 unanimisque
1139 1909 1230 1967 robus
1246 1908 1386 1969 deliciunt
1410 1912 1540 1987 nomina,

315 2005 451 2066 dicamus
468 2003 550 2080 ticet)
566 2008 600 2064 ut
612 2005 810 2082 aegroauinro
827 2003 917 2061 terret
933 2020 964 2063 se
980 2004 1023 2062 sic
1038 2008 1136 2062 natam
1150 2020 1228 2073 esse,
1245 2010 1278 2064 ut
1292 2022 1384 2067 sexus
1399 2009 1542 2068 conditio·

315 2117 351 2160 ne
363 2099 547 2178 praepedita
569 2100 645 2159 bene
665 2099 784 2174 quidde
798 2099 950 2176 republica
967 2099 1075 2157 mereri
1103 2115 1159 2158 nou
1174 2104 1285 2176 posset.
1304 2098 1328 2157 0
1350 2100 1453 2161 ruinam
1470 2118 1542 2181 erga

314 2196 465 2273 publicam
478 2212 541 2255 rem
554 2195 707 2275 pietatem,
721 2213 779 2271 qua
792 2211 850 2254 uou
862 2194 1069 2254 animaduertit
1081 2212 1113 2254 sc
1128 2196 1164 2255 de
1178 2214 1213 2255 ea
1225 2195 1299 2254 satis
1313 2213 1465 2273 superque
1480 2215 1542 2257 me·

313 2294 565 2367 rilamesse,rum
580 2293 673 2352 eidem
689 2293 903 2370 amplissimum
917 2310 951 2352 ac
967 2293 1232 2370 praeclarissimum
1247 2292 1364 2352 dederit
1380 2294 1541 2370 filium,qui

313 2389 777 2468 periculosissimispraelecluris
786 2389 946 2449 lenissime
954 2392 1058 2467 gestis,
1068 2390 1252 2467 grauissimis
1265 2390 1462 2466 legationibus
1480 2408 1543 2451 ma·

314 2484 735 2564 gnificeutissimc-expedilis,
751 2503 865 2546 summo
878 2488 1067 2564 tmperatoris
1079 2503 1210 2554 munere,
1225 2486 1305 2561 qnod
1319 2487 1346 2545 iu
1372 2488 1429 2546 boe
1444 2504 1536 2563 regno
1610 2493 1612 2497 ’

311 2586 429 2638 summa
444 2595 515 2638 cum
526 2578 613 2639 laude
620 2579 710 2656 gerit,
722 2577 909 2654 splendorem
922 2579 1055 2640 acdecus
1066 2580 1180 2656 imperii
1192 2579 1322 2638 omnium
1332 2579 1452 2642 maximi
1468 2597 1538 2640 con-

313 2669 445 2729 servarit
459 2672 492 2728 et
504 2670 622 2730 auxerit
636 2667 644 2723 l
662 2670 700 2727 nt
714 2687 768 2729 nou
783 2671 809 2728 ei
824 2676 871 2731 sat
883 2676 928 2731 est
943 2670 1059 2731 dedisse
1075 2686 1177 2728 aarum.
1190 2667 1215 2728 Ο
1228 2671 1322 2744 magis
1347 2671 1451 2730 miram
1466 2688 1538 2747 erga
1629 2749 1632 2756 ι

310 2761 463 2838 publicam
480 2777 543 2819 rem
558 2760 714 2837 pietatem,
732 2761 780 2821 cni
797 2777 852 2821 nou
866 2766 913 2820 sat
926 2766 972 2821 est
988 2762 1105 2821 dedisse
1123 2776 1224 2831 aarum,
1237 2777 1304 2820 cum
1322 2753 1419 2820 tamen
1435 2760 1539 2821 iccirco

311 2857 428 2915 tantam
445 2852 554 2912 babeat
565 2853 885 2929 admirationem,quod
899 2870 990 2914 unum
1002 2853 1132 2912 dederit:
1151 2851 1176 2909 si
1189 2868 1317 2927 namque
1329 2852 1429 2929 plnres
1443 2851 1540 2913 dedis·

311 2955 435 3025 selmon
450 2968 546 3027 aeque
563 2955 644 3011 lauta
657 2950 853 3012 admiratione
865 2952 953 3030 digna
967 2951 1128 3010 rideretur!
1143 2949 1224 3009 Unus
1238 2949 1317 3008 enim
1335 2952 1398 3026 ipse
1411 2955 1474 3010 erat
1490 2967 1540 3009 or·

310 3049 486 3109 attissimus
502 3047 590 3123 lilius,
601 3050 827 3124 quosoloomne
841 3049 933 3109 decus
948 3049 1074 3109 nominis
1089 3065 1123 3109 ac
1138 3048 1234 3111 omnis
1247 3048 1341 3127 gloria
1365 3049 1538 3125 praeclaris·

310 3145 722 3206 simaeCerdiorurnlamiliae
738 3146 902 3206 fulciretur:
914 3152 943 3206 et
953 3152 1052 3207 lamen
1066 3161 1152 3222 passa
1162 3142 1312 3221 est,·quid
1323 3145 1440 3222 iuquam
1452 3161 1536 3222 passa
1617 3144 1620 3156 ¹

309 3248 354 3304 eu
365 3237 508 3303 ‘t-robens
523 3245 725 3310 consimulat
742 3262 848 3304 narinus
862 3245 889 3303 iu
905 3247 1007 3322 primis
1023 3244 1222 3322 periculosum
1234 3248 1266 3304 et
1280 3227 1389 3320 anceps
1406 3245 1534 3319 primam
1626 3264 1629 3272 ·

310 3339 388 3397 inter
396 3338 515 3414 publica
523 3339 632 3406 obiret,
648 3346 678 3400 et
690 3341 950 3418 Neapolitanorum
964 3342 1052 3400 classi
1066 3341 1292 3417 praeficeretur.
1305 3339 1383 3399 Urius
1397 3338 1451 3416 ipsi
1467 3344 1533 3398 erat
1608 3326 1611 3337 ¹

310 3432 943 3514 amabilissimuslilius,cujusjncundissima
957 3438 1126 3514 praeseutia
1145 3437 1186 3496 sic
1198 3435 1452 3507 oblectabatur,ul
1467 3434 1535 3511 rjus

309 3527 506 3605 jucunditatis
524 3530 631 3593 lrnclni
644 3534 721 3593 nulla
735 3535 871 3611 uoluptas
885 3534 1014 3594 coulerri
1025 3538 1139 3613 posset:
1150 3537 1302 3604 ettamen,
1314 3531 1382 3606 quia
1398 3533 1476 3591 bunc
1484 3531 1535 3589 dc-

311 3620 457 3681 siderabru
473 3623 609 3683 ltalianel
623 3624 836 3701 amplissimum
854 3627 1057 3704 Legatum,nel
1074 3642 1222 3687 summum
1238 3627 1457 3702 imperatorem,
1475 3625 1534 3681 tam

312 3727 409 3807 aequo
422 3714 521 3774 auimo
532 3715 709 3794 lutilbujus,
721 3716 1106 3796 reipublicaecaussa,adeo
1118 3718 1305 3796 longinquam
1323 3716 1535 3776 acdiulurnam

312 3805 494 3874 absentiam,
513 3811 546 3867 nt
563 3808 624 3868 tato
640 3815 799 3887 praeventa
815 3811 996 3888 praeclaram
1012 3811 1167 3871 historiam
1182 3827 1280 3871 rerum
1295 3810 1333 3869 ab
1347 3808 1462 3886 optimo
1477 3806 1537 3866 tilio

311 3899 424 3977 optime
436 3906 605 3978 gestarum,
622 3904 687 3981 ipso
701 3911 849 3983 narrante,
865 3906 986 3967 minime
997 3907 1100 3968 andire
1116 3907 1256 3985 potnerit.
1270 3908 1308 3962 nt
1322 3902 1538 3979 rempublicam¹

312 3993 401 4053 nullis
411 3996 528 4055 meritis
543 4015 558 4056 a
575 3999 695 4074 propria
713 3997 823 4059 virtute
838 4000 979 4076 proiectis
993 4005 1129 4059 ornatam
1146 4003 1242 4076 putat.
1253 3997 1277 4054 0
1289 3995 1416 4055 maxime
1431 3995 1534 4054 miram

304 4107 384 4168 ,erga
399 4091 548 4168 publicam
576 4111 639 4157 rem
668 4096 820 4173 pietatem.
847 4099 895 4159 cui
911 4116 966 4158 uon
984 4099 1101 4158 ridetur
1113 4097 1227 4174 imperii
1240 4094 1379 4170 mrrjestas
1405 4095 1535 4171 propriis

311 4185 476 4247 virtutibus
490 4203 547 4249 non
561 4190 648 4250 modo
662 4193 909 4270 cumulata,quod
924 4198 969 4254 est
984 4195 1219 4268 maximnm,uou
1235 4189 1321 4250 modo
1336 4193 1437 4267 aucta,
1452 4189 1533 4265 quod

311 4299 451 4360 mssffltffl
468 4324 478 4357 s
493 4286 545 4344 aed
563 4303 599 4347 ne
614 4294 718 4349 oruata
733 4290 865 4366 quidem,
892 4292 973 4368 quod
988 4307 1135 4368 aequum,
1152 4306 1218 4349 cum
1234 4287 1348 4348 adeam
1372 4304 1428 4348 nou
1445 4286 1533 4348 ruodo

311 4375 472 4435 honestate
484 4379 659 4453 ornandam,
676 4397 733 4442 nou
751 4384 839 4443 modo
853 4384 998 4462 dignitate
1013 4382 1190 4463 aagendam,
1205 4382 1360 4443 sedetiam
1375 4381 1468 4460 gloria
1481 4398 1535 4441 cu·

309 4471 481 4534 molendam
508 4477 606 4536 omnia
620 4479 733 4553 studia,
750 4484 847 4542 omnia
873 4499 996 4559 prorsus
1010 4484 1105 4543 ollicia
1131 4481 1305 4543 collocarit!
1321 4480 1432 4556 Ecquid
1454 4479 1532 4538 enim

309 4570 381 4628 sunt
397 4567 554 4630 innotuera
570 4571 629 4647 illa,
645 4579 678 4633 et
699 4577 819 4653 quidem
836 4579 974 4653 maxima,
992 4595 1069 4655 quae
1088 4596 1304 4656 usquequaque
1319 4577 1427 4644 obivit,
1444 4575 1532 4634 bene·

310 4661 452 4726 boeuttm
477 4683 614 4747 munera,
632 4673 687 4735 nisi
701 4679 872 4737 cumulatae
897 4678 1011 4755 imperii
1025 4679 1139 4755 gloriae
1162 4675 1402 4739 luculentissima
1428 4689 1534 4733 monu-

309 4767 434 4837 menta,
450 4781 519 4826 cum
541 4769 579 4830 ad
594 4787 628 4832 ea
644 4776 829 4853 suscipienda
852 4777 907 4836 bac
923 4777 1061 4839 laudabili
1083 4778 1221 4854 opinione
1237 4774 1425 4854 potissimum
1441 4770 1534 4831 dirce-

309 4858 409 4930 retur,
425 4872 484 4931 qua
509 4861 700 4925 existimabat
714 4883 921 4946 quaecumque
942 4870 1053 4949 cilicia,
1069 4875 1101 4930 nt
1117 4888 1170 4931 sna
1193 4869 1302 4946 coique
1324 4866 1457 4945 dignitas
1479 4864 1534 4922 tri·
1566 4920 1571 4931 ,
