3942 5592
1528 484 1568 544 95

379 583 492 646 darera
502 584 613 666 prere,
628 581 668 647 ihi
683 596 775 660 super
788 583 928 641 natorum
940 574 1119 657 corporibus
1132 582 1272 658 parentes
1279 597 1368 661 agee
1377 582 1506 662 animas,
1519 588 1605 668 aiios,

377 683 431 764 qui
452 682 552 743 morbi
567 681 734 758 mortisque
747 682 831 753 metu
854 676 1004 739 ueletiam
1020 693 1092 737 suos
1114 677 1211 739 uisere
1229 679 1394 759 fugiebant,
1414 681 1443 744 iu
1457 682 1521 761 ipsa
1538 687 1606 765 fuga

376 779 520 843 morbum
534 784 723 859 mortemque
738 776 904 853 offendere,
920 776 1005 849 aiios,
1021 775 1072 852 qui
1088 776 1184 855 magis
1197 777 1238 856 pii
1252 781 1351 859 aegris
1366 787 1489 859 praesto
1503 791 1601 864 erant,

377 878 410 939 in
424 876 593 939 adhibenda
605 878 669 957 ipsa
683 875 815 938 medelae
828 876 883 936 aut
897 872 1001 935 auxilii
1027 890 1117 952 opera
1131 877 1321 943 occumbere.
1339 879 1383 940 ita
1398 880 1605 944 crudelissima

376 972 554 1053 pestilentia
580 973 678 1035 omnia
695 972 765 1033 loca
786 987 821 1033 ac
846 970 1201 1048 tectacornptens,nntto
1228 989 1352 1052 corpora
1376 976 1517 1037 humandi
1531 978 1603 1053 ritu,
1706 968 1709 973 ’

377 1065 460 1127 nulia
473 1065 660 1128 caeremonia
672 1066 801 1138 seruata,
821 1062 974 1123 innumera
990 1061 1146 1124 funeribus
1162 1063 1266 1126 funera
1277 1066 1461 1129 cumulabat.
1473 1069 1601 1142 Quamo-

379 1160 480 1235 brem,
501 1177 571 1221 cum
585 1160 660 1220 haec
675 1162 757 1219 tanta
772 1157 892 1218 urbium
907 1154 1020 1231 clades,
1037 1156 1093 1216 hoc
1108 1156 1288 1235 populorum
1302 1158 1429 1223 exitium
1446 1163 1506 1222 tana
1521 1179 1603 1224 acer·

379 1257 468 1332 bum,
487 1258 561 1319 haec
575 1259 707 1320 humano
721 1255 824 1335 generi
838 1254 913 1315 adeo
928 1253 1041 1316 infensa
1056 1255 1205 1332 pernicies
1218 1255 1334 1334 aliquas
1350 1258 1471 1336 tipuiiae
1484 1262 1602 1338 provin·

379 1349 447 1412 ciae
463 1350 555 1411 urbes
576 1366 631 1411 sex
647 1349 754 1411 abhinc
776 1345 860 1408 annis
874 1346 1017 1419 afficeret,
1041 1346 1172 1407 omnium
1197 1351 1335 1409 nostrum
1349 1349 1437 1410 animi
1451 1350 1603 1430 jacebant,

379 1444 567 1507 consistebat
587 1461 672 1505 mens
688 1442 782 1518 nulla,
796 1457 899 1502 ornnes
910 1454 1029 1500 summo
1044 1438 1164 1514 timore,
1177 1445 1270 1518 alque
1283 1444 1391 1505 acerba
1406 1446 1604 1510 sollicitudine

381 1537 583 1610 versabamur,
595 1552 633 1597 ne
647 1533 814 1596 miserrima
827 1536 920 1608 atque
933 1530 1119 1593 amarissima
1135 1534 1243 1610 prioris
1258 1535 1446 1612 pestilentiae
1467 1542 1605 1618 exempla

383 1637 532 1695 renouata
543 1633 724 1696 uideremus.
737 1631 838 1707 Neque
853 1630 880 1690 in
895 1633 926 1692 te
940 1629 1018 1708 ipso,
1035 1631 1075 1690 sit
1090 1647 1162 1708 pace
1174 1634 1227 1692 tua
1238 1632 1364 1709 dictum,
1374 1635 1503 1712 aliquam
1519 1656 1606 1718 prae

379 1727 450 1788 sidii
475 1730 530 1789 aut
540 1725 648 1787 salutis
677 1740 760 1802 spem
775 1724 1007 1785 collocabanrus.
1021 1726 1051 1784 tn
1065 1741 1100 1784 ea
1115 1741 1242 1801 namque
1255 1742 1376 1789 eramus
1397 1729 1535 1806 opinione
1550 1735 1607 1794 bu·

378 1840 501 1886 marram
515 1822 702 1903 prudentiam
724 1823 851 1883 humana
872 1820 1032 1885 dumtaxat
1044 1823 1161 1901 negotia
1173 1841 1280 1903 regere
1294 1842 1384 1904 posse
1397 1826 1448 1902 ila,
1467 1833 1514 1906 ul,
1529 1848 1608 1906 quae

377 1921 471 1980 extra
485 1919 682 1978 humanarum
704 1931 804 1975 rerum
819 1931 941 1975 cursum
959 1914 1044 1975 nobis
1057 1932 1074 1974 e
1089 1917 1239 1976 sententia
1254 1918 1434 1999 acciderent,
1451 1940 1485 1983 ea
1511 1925 1606 1987 felici·

383 2018 462 2079 tatis
474 2015 577 2095 potius
590 2018 708 2090 eventa,
724 2029 813 2089 quam
830 2012 953 2073 uirtutis
969 2012 1098 2074 facinora
1110 2014 1338 2079 arbitraremur.
1355 2023 1405 2092 ht,
1424 2024 1454 2080 te
1467 2027 1606 2097 auctore,

382 2113 505 2194 experti
527 2129 631 2174 sunaus
646 2128 734 2191 posse
744 2110 864 2172 tandem
879 2109 1041 2189 aliquando
1055 2110 1243 2189 prudentiam
1268 2130 1305 2174 eo
1317 2114 1479 2178 diuinitatis
1490 2119 1611 2182 accede·

378 2227 428 2283 re,
445 2212 481 2268 ul
495 2205 654 2266 elementis
667 2204 755 2265 etiarn
769 2221 805 2265 ac
819 2207 944 2264 naturae
972 2203 1613 2285 imperaretlilenirneaargumentasummis

384 2302 499 2382 vigiliis
512 2305 545 2363 et
556 2302 647 2376 curis,
665 2298 829 2362 incredibili
844 2299 1000 2378 diligentia
1015 2305 1105 2378 atque
1116 2317 1208 2378 opera
1222 2303 1399 2380 adhibuisti,
1419 2309 1453 2364 ut
1463 2307 1605 2369 effraena-

385 2404 451 2459 tum
461 2414 499 2458 ac
512 2395 704 2475 praeeipitem
717 2394 774 2454 tuis
787 2394 918 2454 furorem
931 2409 988 2454 non
1000 2393 1079 2454 intra
1092 2394 1170 2455 illam
1183 2396 1361 2472 provinciam
1374 2398 1544 2474 dumtaxat,
1555 2403 1608 2463 sed

383 2494 464 2554 iutra
491 2491 573 2551 iliius
588 2487 757 2569 prouinciae
774 2491 873 2550 certas
889 2489 981 2550 urbes
995 2488 1172 2562 contineres,
1187 2504 1223 2550 ac
1239 2489 1323 2551 brevi
1339 2494 1473 2568 tempore
1489 2494 1609 2556 omnino

380 2591 476 2652 etiarn
497 2589 705 2666 extingueres.
722 2586 839 2663 itaque,
864 2590 899 2646 ut
913 2586 1009 2664 primo
1023 2587 1208 2664 amplissimo
1221 2587 1366 2649 beneficio
1389 2590 1416 2650 in
1432 2608 1485 2651 nos
1499 2594 1610 2656 collato

381 2691 480 2764 tecta,
498 2686 576 2748 bona
591 2704 627 2747 ac
643 2686 787 2758 fortunas,
804 2685 892 2744 itaet
915 2686 971 2745 hoc
985 2701 1082 2762 aeque
1093 2686 1223 2748 maximo
1237 2686 1395 2766 conjuges,
1420 2697 1560 2768 parentes
1575 2709 1610 2755 ac

381 2780 498 2842 liberos
524 2779 700 2856 retinemus,
715 2780 750 2838 ut
776 2777 824 2836 illo
846 2775 963 2849 urbem,
981 2777 1023 2837 ita
1044 2779 1076 2836 et
1092 2778 1148 2838 hoc
1170 2777 1271 2840 uitam.
1287 2783 1508 2858 cognoscamus
1530 2803 1611 2850 nunc

383 2895 470 2951 sero,
487 2876 638 2954 quomodo
651 2876 710 2936 aiio
721 2874 872 2954 prioribus
887 2893 945 2936 non
957 2875 1071 2936 minore
1084 2875 1210 2937 nominis
1224 2877 1330 2937 famam
1345 2882 1540 2944 retineamus.
1555 2883 1609 2945 lie·

383 2991 444 3050 uue
465 2988 570 3052 parua,
588 2991 684 3049 neque
708 2971 790 3051 parui
806 2972 972 3050 pendenda,
990 2971 1070 3032 absit
1085 2974 1183 3031 tamen
1210 2971 1301 3033 rebus
1325 2972 1462 3036 dicendis
1476 2976 1609 3056 jactatio,

383 3071 457 3127 sunl
470 3068 660 3141 ornamenta,
674 3069 706 3125 et
722 3064 883 3138 habentur,
896 3081 975 3140 quae
992 3066 1123 3123 nostram
1140 3063 1216 3122 inter
1232 3067 1348 3125 ceteras
1360 3066 1443 3126 orbis
1459 3072 1609 3132 terrarum

386 3160 480 3220 urbes
496 3160 679 3237 praeclaram
703 3175 738 3218 ae
754 3158 881 3218 nobilem
898 3157 1021 3217 faciunt.
1045 3156 1174 3217 i’rimum
1191 3173 1348 3234 namqnea
1365 3162 1470 3221 natura
1485 3178 1519 3222 ea
1536 3162 1611 3224 caeli

384 3252 549 3314 clementia
564 3250 673 3312 donula
684 3255 743 3328 est,
761 3255 795 3312 ul
811 3267 882 3328 prae
898 3251 1036 3312 omnibus
1052 3250 1174 3326 reliquis
1190 3251 1263 3312 haec
1277 3267 1342 3327 ora,
1359 3253 1434 3315 ilaec
1450 3255 1532 3333 regio
1548 3256 1613 3316 feli·

383 3349 428 3412 cis
440 3347 619 3428 Campaniae
635 3365 738 3409 nornen
749 3348 881 3408 omniurn
894 3346 986 3407 fernae
996 3364 1144 3408 consensu
1158 3347 1339 3409 obtinuerit:
1357 3366 1390 3409 ea
1404 3352 1458 3411 soli
1472 3354 1611 3416 ubertate

384 3447 523 3525 locuples
542 3446 630 3519 facia,
647 3450 683 3506 ut
698 3463 714 3506 a
730 3444 886 3506 fertilitate
902 3461 1056 3522 agrorum,
1073 3447 1106 3505 el
1120 3462 1136 3503 a
1166 3441 1482 3530 uarietatefrucluuda
1505 3454 1608 3529 poeta-

390 3557 457 3601 rum
471 3540 582 3601 fabulis
595 3541 693 3601 locum
713 3539 835 3613 faciens,
850 3537 957 3598 Bacchi
972 3543 1004 3598 et
1018 3539 1164 3599 Pomonae
1175 3543 1323 3600 certarnen
1338 3543 1377 3600 sit
1392 3545 1558 3621 appellata:
1575 3561 1613 3606 ea

393 3637 522 3716 denique
536 3637 616 3698 situs
629 3637 808 3699 anroenitate
823 3636 968 3714 praedita,
986 3641 1022 3697 ut
1038 3642 1157 3697 nostrae
1170 3637 1284 3698 viiiaea
1298 3657 1388 3700 curae
1403 3643 1609 3719 moerorisque

395 3734 564 3796 cessatione
589 3749 694 3812 graeca
718 3733 834 3794 nomina
860 3734 997 3794 fecerint.
1013 3735 1122 3796 Verum
1144 3734 1199 3794 has
1221 3737 1463 3797 omnesomissas
1488 3737 1613 3798 facimus

392 3829 508 3908 laudes,
526 3847 666 3892 unacum
689 3831 726 3891 iis
740 3847 814 3908 quas
830 3836 938 3892 eventu
962 3831 1129 3892 felicissime
1144 3832 1252 3911 adepta
1268 3838 1334 3908 est3
1351 3850 1478 3910 quarum
1500 3833 1613 3910 quippe

394 3921 440 3983 iila
456 3939 516 3985 non
533 3922 649 3998 ultima,
664 3923 739 3983 adeo
753 3926 892 4001 antiquos
909 3924 1083 3985 fundatores
1095 3924 1247 3996 habuisse,
1261 3930 1295 3985 ut
1310 3926 1459 3986 historicis
1475 3926 1511 3986 ad
1529 3927 1610 3988 fabu-

390 4020 434 4079 las
447 4016 610 4093 coningere
626 4033 701 4092 opus
714 4016 812 4088 fuerit,
828 4035 985 4095 eantquea
1000 4020 1103 4079 Sirene
1118 4019 1269 4080 fundatam
1286 4018 1380 4079 fuisso
1397 4036 1531 4084 narrare.
1548 4021 1616 4082 blit-

390 4113 1613 4197 tinausdescriptionemaedificiorum,etpulchritudinemamittimusincredibilem
1696 4115 1700 4124 ’

392 4214 554 4275 incolarum
581 4214 810 4291 sucularumque
829 4232 996 4278 numerum.
1010 4216 1086 4290 Quid
1102 4216 1150 4276 illa
1165 4232 1236 4277 uero
1252 4216 1420 4277 necessaria
1442 4236 1476 4280 ac
1491 4223 1615 4282 aeterna

393 4303 419 4365 in
433 4307 545 4366 sirlulc
561 4306 658 4382 posita
675 4311 705 4365 et
721 4307 814 4367 locata
829 4314 1014 4382 ornamenta,
1030 4310 1141 4388 quibus
1155 4307 1305 4370 civitatem
1325 4310 1454 4386 aliquam
1469 4313 1613 4391 spoliare,

394 4397 481 4460 immo
496 4397 619 4460 minima
633 4414 673 4461 ex
685 4405 771 4478 parte
782 4402 915 4463 minuere
931 4405 1030 4464 scelus
1045 4407 1104 4479 est,
1120 4418 1207 4478 aquo
1231 4403 1310 4462 nulia
1323 4409 1392 4465 sunt
1408 4406 1519 4466 scelera
1535 4424 1614 4484 quae

394 4489 518 4559 absint?
540 4497 650 4558 etenim
667 4498 701 4556 iis
716 4500 824 4560 nudata
838 4499 1018 4578 respublica,
1037 4517 1093 4561 non
1116 4500 1203 4562 modo
1219 4499 1330 4562 nuliius
1353 4503 1490 4572 nominis,
1505 4504 1615 4566 nullius

394 4597 484 4657 famae
506 4594 627 4655 omnino
643 4593 767 4673 ingloria
784 4598 868 4675 risit,
884 4600 937 4660 sod
951 4604 983 4658 et
1007 4599 1080 4661 uiuit
1094 4600 1172 4660 ornni
1187 4598 1344 4672 dedecore,
1360 4601 1440 4660 omni
1452 4602 1616 4679 turpitudi-

395 4705 440 4761 ne,
454 4686 537 4749 omui
554 4686 672 4748 infamia
688 4693 804 4755 notata.
819 4693 908 4769 Quid,
924 4693 1169 4772 inquimus,erga
1184 4693 1277 4752 ileum
1290 4691 1409 4769 religio,
1421 4712 1492 4773 erga
1502 4693 1616 4759 Princi-

396 4799 458 4858 pem
484 4779 573 4859 fides,
596 4800 670 4862 erga
688 4788 826 4862 uirtutes,
843 4793 905 4854 sire
931 4791 1040 4855 mentis
1063 4808 1117 4853 eae
1131 4792 1202 4868 sint,
1220 4789 1282 4851 siue
1304 4788 1407 4867 animi,
1427 4791 1561 4856 studium
1585 4799 1616 4855 ct
