3942 5592
528 568 587 627 Ant
599 569 723 629 oinium
736 564 845 627 eccon
858 561 1030 622 iuvenentur
1038 558 1169 623 mribus
1180 575 1320 638 mosem,

521 659 581 719 Ant
595 656 746 718 imrsnneto
759 656 887 732 crepent,
901 653 1155 730 tpnmniniosoqoe
1167 652 1258 713 elicto.
1395 705 1398 710 ,

524 748 718 831 Offenlomor
730 752 806 807 enim
818 745 923 823 qnihm
935 742 977 804 est
989 756 1092 820 equam
1106 746 1133 805 et
1145 748 1242 821 poster,
1256 745 1284 804 el
1297 757 1368 811 reo,-

459 894 461 898 .
528 845 601 923 Nec,
616 851 644 906 si
656 843 732 921 qnid
743 843 829 925 fricti
840 847 942 904 ciceris
950 841 1059 921 prolot
1072 844 1100 901 el
1113 845 1201 905 noos
1213 843 1346 919 emptor,

522 946 632 1022 Aequis
645 942 795 1021 occipiunt
808 942 928 1016 animis,
942 940 1086 1001 donantve
1095 952 1212 998 cororso.

561 1032 685 1115 Syllaba
698 1034 786 1113 lonpo
798 1033 878 1094 hreni
891 1030 1020 1112 solicito
1031 1033 1150 1091 vocatur
1160 1026 1287 1102 iambum

523 1126 581 1192 Pes
593 1131 678 1190 mos:
688 1127 766 1188 oncle
778 1129 866 1186 etiarn
879 1124 1018 1184 trimetris
1028 1136 1191 1182 accrescere
1203 1116 1289 1178 iussit

528 1221 640 1282 Nomen
652 1216 784 1294 iornber‘s,
798 1232 890 1293 oecon
902 1230 985 1277 senos
1000 1209 1134 1272 redderet
1144 1215 1233 1290 ictos,

521 1307 688 1372 Primosoel
696 1313 858 1369 ectrernorn
870 1305 976 1370 sicilie
986 1305 1053 1367 sihi.
1070 1304 1140 1365 Non
1150 1308 1195 1364 ito
1203 1303 1335 1380 pridern,

531 1400 658 1463 Tordior
670 1404 703 1462 ut
711 1399 820 1479 pocillo
827 1404 1004 1478 propiorque
1016 1397 1126 1457 uniret
1140 1394 1181 1455 od
1193 1407 1294 1466 oneres,

527 1491 676 1570 Spondeos
689 1491 808 1553 stabiles
815 1496 848 1552 in
859 1496 927 1551 iuro
937 1493 1065 1569 polemo
1074 1493 1181 1567 recepit

529 1584 702 1645 Commodos
715 1588 742 1643 ct
750 1587 883 1661 patiens:
901 1597 962 1642 non
970 1586 1005 1642 ot
1017 1580 1055 1642 cle
1067 1585 1134 1646 sede
1146 1580 1275 1642 comendo

526 1682 642 1744 Celeret
655 1684 823 1758 croccant
834 1678 994 1742 socialiter.
1010 1683 1066 1743 llic
1078 1683 1106 1740 et
1118 1686 1153 1741 in
1165 1682 1239 1743 Acci

528 1772 683 1835 Nobilibus
696 1774 835 1834 trimetris
847 1776 970 1849 opponet
981 1788 1080 1848 rocus,
1092 1776 1119 1833 et
1131 1773 1220 1835 Enni.

527 1869 566 1930 ln
574 1884 689 1928 scenam
698 1869 801 1927 cissos
814 1878 922 1943 rnopno
936 1878 1000 1921 com
1007 1865 1139 1940 pondere
1151 1881 1264 1935 nosos,

530 1958 589 2020 not
603 1974 707 2037 operoe
721 1959 822 2016 ceteris
834 1957 968 2036 nicoeno,
980 1971 1111 2033 curaque
1124 1960 1260 2034 careretis,

530 2055 587 2115 rint
600 2056 750 2132 ipnorotoc
759 2053 868 2132 premit
882 2057 956 2116 ortis
970 2059 1092 2116 ommino
1105 2061 1200 2136 turpi.

565 2149 633 2210 Non
645 2152 740 2224 privio
750 2147 827 2207 emer
839 2144 1028 2206 imnsodnloto
1036 2152 1174 2224 poernoto
1186 2151 1294 2221 iudom

528 2241 566 2306 Et
580 2242 652 2301 elato
665 2242 802 2302 nomano
815 2241 903 2298 versio
915 2240 958 2298 esi
971 2238 1096 2316 inclimeo
1106 2244 1211 2315 poetis.

530 2333 681 2394 idcircone
694 2346 783 2406 caper
796 2328 977 2405 romanaque
991 2328 1127 2390 licenter?
1143 2333 1190 2392 An
1203 2350 1300 2395 ornnes

535 2431 657 2490 Viroros
666 2426 791 2503 peccalo
800 2424 902 2497 potem
914 2436 991 2488 oreo,
1007 2419 1097 2498 totus,
1111 2428 1138 2483 el
1149 2429 1230 2484 intra

530 2530 615 2610 Spem
628 2526 730 2585 ventae
742 2511 862 2579 contus?
880 2517 976 2577 Vltori
989 2519 1114 2597 deniqne
1126 2522 1255 2602 melpum,

529 2628 597 2688 Non
610 2621 725 2684 london
737 2619 839 2678 merci.
859 2615 914 2676 Vos
927 2619 1113 2696 exemplario
1130 2623 1242 2684 Graeco

410 2827 475 2884 246.
491 2822 625 2883 Nimium
638 2809 742 2871 meris
754 2813 925 2873 inserentur
936 2808 1074 2883 vambos)
1089 2813 1188 2884 Nempe
1202 2810 1318 2871 lascivis.

408 2915 473 2971 ait.
487 2903 654 2976 Inmerito)
669 2902 790 2960 Sordida.

412 2999 452 3055 ih.
466 2994 720 3070 Ipnominiosopoe
732 2987 822 3061 Meto)
835 2988 908 3056 Quae
921 2983 1030 3041 atterius
1043 2980 1142 3041 famam
1156 2984 1273 3046 laedunt.

412 3088 477 3143 248.
493 3080 591 3152 Poteri
606 3079 663 3134 Hoc
676 3081 717 3132 est
731 3073 844 3147 patricii.

410 3178 450 3234 lh.
465 3179 504 3233 Et
516 3171 571 3244 resi
586 3167 709 3241 intelligit
722 3169 873 3237 Senatores,
888 3165 935 3237 qni
949 3177 1045 3237 censu,
1059 3179 1112 3221 non
1124 3179 1233 3239 genero,
1246 3166 1272 3222 in
1283 3167 1375 3226 ordino
1385 3171 1575 3230 censebuntur.

790 3294 835 3341 nc
845 3288 957 3341 mcum
967 3291 1160 3340 &mim

412 3412 476 3465 251.
491 3401 615 3477 Sylloho
627 3400 716 3475 lonpo
728 3399 806 3455 hreni
819 3396 950 3454 snhiceto
962 3402 1086 3455 vocator
1097 3397 1223 3473 tamnes)
1244 3402 1308 3458 Heio
1330 3403 1384 3477 agit
1402 3406 1529 3465 Horatius
1548 3409 1582 3466 do

375 3499 469 3558 metris
482 3496 634 3553 dramatum
647 3491 771 3564 propriis.
1451 3570 1454 3574 A

415 3590 480 3643 252.
495 3584 550 3639 Pes
563 3580 648 3652 moos)
663 3581 696 3637 Ut
715 3577 741 3634 in
759 3575 891 3649 praesenti
915 3571 1020 3631 musico
1040 3580 1104 3632 nota
1122 3577 1211 3636 breuis
1229 3579 1255 3636 in
1278 3582 1430 3655 systematis
1453 3585 1582 3660 principio

380 3669 530 3744 praeposita
542 3667 690 3739 productae
704 3663 819 3720 celerem
831 3664 986 3738 rhythmum
997 3664 1135 3737 significat.

419 3764 458 3821 lh.
476 3759 635 3833 Trimctrls)
655 3760 685 3815 in
705 3773 803 3831 graeca
824 3758 928 3815 musica
944 3758 1071 3815 dicuntur
1091 3753 1249 3833 dipodine;
1269 3765 1301 3816 ut
1316 3776 1440 3835 quaeque
1457 3761 1582 3839 clipello

313 3844 315 3851 ⁴
381 3853 612 3926 duohuspodihus
626 3851 776 3908 metiretur.
1621 3836 1626 3850 ’

416 3950 481 4004 253.
496 3947 586 4002 Senos
660 3942 745 4014 ictos)
758 3941 899 4015 Tempore,
913 3941 986 4014 quod
999 3941 1083 3997 nostri
1096 3944 1226 4013 temporis
1239 3942 1335 3999 musici
1349 3944 1443 4002 dicunt
1456 3950 1583 4019 tempoo

380 4033 526 4111 cappello,
542 4035 613 4108 quod
626 4040 668 4090 cst
680 4033 799 4090 omnium
813 4032 994 4091 celerrimum.

416 4130 480 4184 258.
496 4128 557 4180 Aut
570 4123 686 4197 porto)
702 4123 769 4179 Nam
782 4123 808 4178 in
821 4129 895 4180 sexta
914 4137 1051 4197 nunquam
1071 4126 1153 4180 cessit
1173 4123 1311 4197 spondeo,
1332 4125 1406 4198 quod
1423 4133 1588 4199 argumento

378 4216 563 4288 estprincipio
576 4214 720 4272 iambicum
738 4221 831 4272 natum
850 4232 910 4274 esse
927 4234 961 4275 ex
982 4216 1047 4273 solis
1065 4217 1159 4274 iamhis
1179 4217 1378 4289 compositum3
1401 4219 1438 4274 uti
1460 4220 1489 4274 in
1507 4234 1590 4277 uersu

379 4305 547 4374 hexametro,
560 4301 624 4373 qnia
636 4303 710 4359 initio
724 4304 885 4375 spondeicus
897 4310 976 4361 natus
989 4309 1042 4378 est,
1057 4310 1088 4361 ut
1101 4306 1128 4360 in
1140 4309 1224 4361 Nooo
1231 4306 1364 4362 Scientio
1375 4304 1588 4380 demonstratur,

377 4401 518 4459 nunquam
532 4385 655 4443 ultimum
668 4389 763 4459 pedem
777 4388 884 4465 dactylo
899 4390 981 4446 cedit.

417 4479 481 4534 260.
498 4479 533 4531 In
545 4491 662 4533 scenam
677 4480 780 4534 missos
799 4496 905 4553 mopno
923 4497 991 4536 cum
1003 4479 1133 4556 pondere
1151 4478 1258 4551 omens)
1279 4478 1380 4551 Suppio
1400 4496 1481 4553 esse,
1506 4486 1589 4554 atque

379 4561 444 4618 haec
458 4561 558 4619 infinita
571 4563 653 4619 oratio
667 4563 725 4621 heic
740 4566 824 4622 vicem
838 4567 905 4624 recti
919 4566 1029 4641 obtinet,
1044 4568 1118 4642 qnod
1132 4568 1203 4641 regit
1215 4565 1329 4625 verbum
1338 4569 1449 4643 premit
1461 4587 1469 4622 .·
1483 4583 1516 4626 ex
1529 4585 1586 4645 quo

367 4647 509 4727 ‚sermonis
523 4664 620 4720 genere
632 4657 683 4726 est,
698 4652 721 4709 si
732 4652 807 4709 dicas
819 4652 983 4727 hocsocere
996 4660 1080 4728 torpe
1092 4659 1145 4712 est.

421 4737 484 4788 265.
501 4735 548 4788 An
561 4736 669 4806 omncs)
682 4737 747 4802 Quia
760 4756 812 4800 non
826 4755 917 4799 omnes
931 4740 1036 4798 visuros
1048 4750 1150 4814 putem.
