<?xml version="1.0" encoding="UTF-8"?>
<!DOCTYPE html PUBLIC "-//W3C//DTD XHTML 1.0 Transitional//EN"
    "http://www.w3.org/TR/xhtml1/DTD/xhtml1-transitional.dtd">
<html xmlns="http://www.w3.org/1999/xhtml" xml:lang="en" lang="en">
 <head>
  <title>
</title>
<meta http-equiv="Content-Type" content="text/html;charset=utf-8" />
  <meta name='ocr-system' content='tesseract 3.04.00' />
  <meta name='ocr-capabilities' content='ocr_page ocr_carea ocr_par ocr_line ocrx_word'/>
</head>
<body>
  <div class='ocr_page' id='page_1' title='image "./operedigiambatt01ferrgoog_0195.png"; bbox 0 0 3942 5592; ppageno 0'>
   <div class='ocr_carea' id='block_1_1' title="bbox 404 583 1662 4692">
    <p class='ocr_par' dir='ltr' id='par_1_1' title="bbox 404 583 1662 4692">
     <span class='ocr_line' id='line_1_1' title="bbox 432 583 1647 675; baseline -0.006 -20"><span class='ocrx_word' id='word_1_1' title='bbox 432 594 584 672; x_wconf 85' lang='lat' dir='ltr'><strong><em>Gallisque</em></strong></span> <span class='ocrx_word' id='word_1_2' title='bbox 599 593 724 675; x_wconf 75' lang='lat' dir='ltr'><em>disjicit,</em></span> <span class='ocrx_word' id='word_1_3' title='bbox 738 595 814 652; x_wconf 86' lang='lat' dir='ltr'><strong><em>inter</em></strong></span> <span class='ocrx_word' id='word_1_4' title='bbox 825 606 902 652; x_wconf 78' lang='lat' dir='ltr'><strong><em>soros.</em></strong></span> <span class='ocrx_word' id='word_1_5' title='bbox 919 586 998 649; x_wconf 88' lang='lat' dir='ltr'><strong><em>Inter</em></strong></span> <span class='ocrx_word' id='word_1_6' title='bbox 1010 587 1082 648; x_wconf 83' lang='lat' dir='ltr'><strong><em>baec</em></strong></span> <span class='ocrx_word' id='word_1_7' title='bbox 1094 602 1159 645; x_wconf 88' lang='lat' dir='ltr'><strong><em>cum</em></strong></span> <span class='ocrx_word' id='word_1_8' title='bbox 1172 584 1288 647; x_wconf 81' lang='lat' dir='ltr'><strong><em>Galliae</em></strong></span> <span class='ocrx_word' id='word_1_9' title='bbox 1299 586 1517 666; x_wconf 74' lang='lat' dir='ltr'><strong><em>Hispanumque</em></strong></span> <span class='ocrx_word' id='word_1_10' title='bbox 1529 583 1647 664; x_wconf 78' lang='lat' dir='ltr'><strong><em>sepibus</em></strong></span> 
     </span>
     <span class='ocr_line' id='line_1_2' title="bbox 433 677 1648 760; baseline -0.007 -13"><span class='ocrx_word' id='word_1_11' title='bbox 433 687 535 748; x_wconf 88' lang='lat' dir='ltr'><strong><em>Caroti</em></strong></span> <span class='ocrx_word' id='word_1_12' title='bbox 555 688 760 750; x_wconf 68' lang='lat' dir='ltr'><strong><em>macedonem</em></strong></span> <span class='ocrx_word' id='word_1_13' title='bbox 777 698 834 760; x_wconf 85' lang='lat' dir='ltr'><strong><em>per</em></strong></span> <span class='ocrx_word' id='word_1_14' title='bbox 847 680 959 742; x_wconf 73' lang='lat' dir='ltr'><strong><em>boesas</em></strong></span> <span class='ocrx_word' id='word_1_15' title='bbox 972 677 1157 756; x_wconf 76' lang='lat' dir='ltr'><strong><em>pratuiaturs</em></strong></span> <span class='ocrx_word' id='word_1_16' title='bbox 1171 680 1232 737; x_wconf 86' lang='lat' dir='ltr'><strong><em>sioe</em></strong></span> <span class='ocrx_word' id='word_1_17' title='bbox 1245 681 1277 736; x_wconf 88' lang='lat' dir='ltr'><strong><em>ut</em></strong></span> <span class='ocrx_word' id='word_1_18' title='bbox 1286 681 1434 755; x_wconf 69' lang='lat' dir='ltr'><strong><em>mamque</em></strong></span> <span class='ocrx_word' id='word_1_19' title='bbox 1454 683 1530 754; x_wconf 81' lang='lat' dir='ltr'><strong><em>repis</em></strong></span> <span class='ocrx_word' id='word_1_20' title='bbox 1543 678 1580 738; x_wconf 86' lang='lat' dir='ltr'><strong><em>de</em></strong></span> <span class='ocrx_word' id='word_1_21' title='bbox 1592 694 1648 739; x_wconf 76' lang='lat' dir='ltr'><strong><em>nso</em></strong></span> 
     </span>
     <span class='ocr_line' id='line_1_3' title="bbox 423 766 1647 856; baseline -0.009 -18"><span class='ocrx_word' id='word_1_22' title='bbox 423 776 487 852; x_wconf 77' lang='lat' dir='ltr'><strong><em>fide</em></strong></span> <span class='ocrx_word' id='word_1_23' title='bbox 500 782 660 856; x_wconf 72' lang='lat' dir='ltr'><em>opinionem</em></span> <span class='ocrx_word' id='word_1_24' title='bbox 673 790 715 834; x_wconf 81' lang='lat' dir='ltr'><strong><em>erc</em></strong></span> <span class='ocrx_word' id='word_1_25' title='bbox 727 771 850 832; x_wconf 75' lang='lat' dir='ltr'><strong><em>redditis</em></strong></span> <span class='ocrx_word' id='word_1_26' title='bbox 863 769 965 831; x_wconf 83' lang='lat' dir='ltr'><strong><em>litteris</em></strong></span> <span class='ocrx_word' id='word_1_27' title='bbox 978 766 1180 844; x_wconf 75' lang='lat' dir='ltr'><strong><em>arbitraretur,</em></strong></span> <span class='ocrx_word' id='word_1_28' title='bbox 1194 771 1265 845; x_wconf 78' lang='lat' dir='ltr'><strong><em>siae,</em></strong></span> <span class='ocrx_word' id='word_1_29' title='bbox 1276 772 1345 845; x_wconf 69' lang='lat' dir='ltr'><strong><em>quaa</em></strong></span> <span class='ocrx_word' id='word_1_30' title='bbox 1355 771 1427 829; x_wconf 89' lang='lat' dir='ltr'><strong><em>ciuis</em></strong></span> <span class='ocrx_word' id='word_1_31' title='bbox 1434 770 1535 846; x_wconf 87' lang='lat' dir='ltr'><strong><em>pudor</em></strong></span> <span class='ocrx_word' id='word_1_32' title='bbox 1547 769 1581 830; x_wconf 89' lang='lat' dir='ltr'><strong><em>id</em></strong></span> <span class='ocrx_word' id='word_1_33' title='bbox 1589 784 1647 827; x_wconf 76' lang='lat' dir='ltr'><strong><em>aa·</em></strong></span> 
     </span>
     <span class='ocr_line' id='line_1_4' title="bbox 419 863 1648 953; baseline -0.01 -17"><span class='ocrx_word' id='word_1_34' title='bbox 419 879 530 953; x_wconf 77' lang='lat' dir='ltr'><strong><em>pressit</em></strong></span> <span class='ocrx_word' id='word_1_35' title='bbox 540 876 641 933; x_wconf 78' lang='lat' dir='ltr'><strong><em>inuito.</em></strong></span> <span class='ocrx_word' id='word_1_36' title='bbox 657 871 736 930; x_wconf 86' lang='lat' dir='ltr'><strong><em>Nam</em></strong></span> <span class='ocrx_word' id='word_1_37' title='bbox 749 865 872 929; x_wconf 87' lang='lat' dir='ltr'><strong><em>bominis</em></strong></span> <span class='ocrx_word' id='word_1_38' title='bbox 882 863 975 942; x_wconf 78' lang='lat' dir='ltr'><strong><em>seroie</em></strong></span> <span class='ocrx_word' id='word_1_39' title='bbox 989 863 1144 924; x_wconf 74' lang='lat' dir='ltr'><strong><em>immuniti</em></strong></span> <span class='ocrx_word' id='word_1_40' title='bbox 1154 868 1334 940; x_wconf 85' lang='lat' dir='ltr'><strong><em>quaepossis</em></strong></span> <span class='ocrx_word' id='word_1_41' title='bbox 1346 866 1426 924; x_wconf 84' lang='lat' dir='ltr'><strong><em>certa</em></strong></span> <span class='ocrx_word' id='word_1_42' title='bbox 1438 880 1564 924; x_wconf 88' lang='lat' dir='ltr'><strong><em>narrare</em></strong></span> <span class='ocrx_word' id='word_1_43' title='bbox 1578 881 1648 924; x_wconf 91' lang='lat' dir='ltr'><strong><em>con·</em></strong></span> 
     </span>
     <span class='ocr_line' id='line_1_5' title="bbox 428 956 1648 1043; baseline -0.008 -13"><span class='ocrx_word' id='word_1_44' title='bbox 428 968 515 1032; x_wconf 83' lang='lat' dir='ltr'><strong><em>sitia?</em></strong></span> <span class='ocrx_word' id='word_1_45' title='bbox 532 966 589 1028; x_wconf 86' lang='lat' dir='ltr'><strong><em>Sed</em></strong></span> <span class='ocrx_word' id='word_1_46' title='bbox 606 967 658 1026; x_wconf 88' lang='lat' dir='ltr'><strong><em>ubi</em></strong></span> <span class='ocrx_word' id='word_1_47' title='bbox 668 962 753 1043; x_wconf 79' lang='lat' dir='ltr'><strong><em>officii</em></strong></span> <span class='ocrx_word' id='word_1_48' title='bbox 769 967 868 1041; x_wconf 80' lang='lat' dir='ltr'><strong><em>pratia</em></strong></span> <span class='ocrx_word' id='word_1_49' title='bbox 880 979 938 1023; x_wconf 91' lang='lat' dir='ltr'><strong><em>non</em></strong></span> <span class='ocrx_word' id='word_1_50' title='bbox 950 964 1033 1020; x_wconf 89' lang='lat' dir='ltr'><strong><em>tanta</em></strong></span> <span class='ocrx_word' id='word_1_51' title='bbox 1053 960 1090 1020; x_wconf 93' lang='lat' dir='ltr'><strong><em>ab</em></strong></span> <span class='ocrx_word' id='word_1_52' title='bbox 1102 958 1217 1037; x_wconf 77' lang='lat' dir='ltr'><strong><em>rupibus</em></strong></span> <span class='ocrx_word' id='word_1_53' title='bbox 1229 956 1329 1019; x_wconf 82' lang='lat' dir='ltr'><strong><em>babila</em></strong></span> <span class='ocrx_word' id='word_1_54' title='bbox 1341 963 1395 1036; x_wconf 87' lang='lat' dir='ltr'><strong><em>est,</em></strong></span> <span class='ocrx_word' id='word_1_55' title='bbox 1409 964 1442 1021; x_wconf 87' lang='lat' dir='ltr'><strong><em>ut</em></strong></span> <span class='ocrx_word' id='word_1_56' title='bbox 1464 964 1581 1022; x_wconf 87' lang='lat' dir='ltr'><strong><em>uastum</em></strong></span> <span class='ocrx_word' id='word_1_57' title='bbox 1595 959 1648 1021; x_wconf 80' lang='lat' dir='ltr'><strong><em>ba</em></strong></span> 
     </span>
     <span class='ocr_line' id='line_1_6' title="bbox 426 1046 1651 1134; baseline -0.007 -17"><span class='ocrx_word' id='word_1_58' title='bbox 426 1061 512 1118; x_wconf 78' lang='lat' dir='ltr'><strong><em>rums</em></strong></span> <span class='ocrx_word' id='word_1_59' title='bbox 530 1055 662 1134; x_wconf 78' lang='lat' dir='ltr'><strong><em>repleret</em></strong></span> <span class='ocrx_word' id='word_1_60' title='bbox 675 1057 814 1132; x_wconf 77' lang='lat' dir='ltr'><strong><em>omniurn,</em></strong></span> <span class='ocrx_word' id='word_1_61' title='bbox 829 1056 891 1111; x_wconf 88' lang='lat' dir='ltr'><strong><em>tum</em></strong></span> <span class='ocrx_word' id='word_1_62' title='bbox 903 1067 973 1110; x_wconf 86' lang='lat' dir='ltr'><strong><em>uero</em></strong></span> <span class='ocrx_word' id='word_1_63' title='bbox 987 1051 1024 1110; x_wconf 91' lang='lat' dir='ltr'><strong><em>de</em></strong></span> <span class='ocrx_word' id='word_1_64' title='bbox 1039 1046 1154 1109; x_wconf 87' lang='lat' dir='ltr'><strong><em>Galliae</em></strong></span> <span class='ocrx_word' id='word_1_65' title='bbox 1167 1064 1234 1128; x_wconf 83' lang='lat' dir='ltr'><strong><em>repe</em></strong></span> <span class='ocrx_word' id='word_1_66' title='bbox 1253 1049 1506 1128; x_wconf 69' lang='lat' dir='ltr'><strong><em>annonaque</em></strong></span> <span class='ocrx_word' id='word_1_67' title='bbox 1522 1049 1651 1128; x_wconf 76' lang='lat' dir='ltr'><strong><em>Itaporii</em></strong></span> 
     </span>
     <span class='ocr_line' id='line_1_7' title="bbox 428 1139 1650 1230; baseline -0.007 -20"><span class='ocrx_word' id='word_1_68' title='bbox 428 1155 504 1230; x_wconf 84' lang='lat' dir='ltr'><strong><em>repis</em></strong></span> <span class='ocrx_word' id='word_1_69' title='bbox 517 1149 716 1211; x_wconf 76' lang='lat' dir='ltr'><strong><em>salutationum</em></strong></span> <span class='ocrx_word' id='word_1_70' title='bbox 726 1150 841 1207; x_wconf 88' lang='lat' dir='ltr'><strong><em>irritam</em></strong></span> <span class='ocrx_word' id='word_1_71' title='bbox 849 1141 1206 1222; x_wconf 71' lang='lat' dir='ltr'><strong><em>niconuorepoputorun</em></strong></span> <span class='ocrx_word' id='word_1_72' title='bbox 1218 1147 1249 1201; x_wconf 86' lang='lat' dir='ltr'><strong><em>in</em></strong></span> <span class='ocrx_word' id='word_1_73' title='bbox 1259 1139 1426 1220; x_wconf 69' lang='lat' dir='ltr'><strong><em>Hsdsppum</em></strong></span> <span class='ocrx_word' id='word_1_74' title='bbox 1436 1142 1650 1219; x_wconf 84' lang='lat' dir='ltr'><strong><em>consessionem</em></strong></span> 
     </span>
     <span class='ocr_line' id='line_1_8' title="bbox 422 1232 1649 1318; baseline -0.007 -14"><span class='ocrx_word' id='word_1_75' title='bbox 422 1245 634 1318; x_wconf 68' lang='lat' dir='ltr'><strong><em>¹necquicquam</em></strong></span> <span class='ocrx_word' id='word_1_76' title='bbox 648 1239 793 1317; x_wconf 86' lang='lat' dir='ltr'><strong><em>pendere:</em></strong></span> <span class='ocrx_word' id='word_1_77' title='bbox 805 1242 838 1298; x_wconf 88' lang='lat' dir='ltr'><strong><em>in</em></strong></span> <span class='ocrx_word' id='word_1_78' title='bbox 855 1236 955 1297; x_wconf 86' lang='lat' dir='ltr'><strong><em>Caroli</em></strong></span> <span class='ocrx_word' id='word_1_79' title='bbox 972 1238 1171 1297; x_wconf 71' lang='lat' dir='ltr'><strong><em>mdanurctum</em></strong></span> <span class='ocrx_word' id='word_1_80' title='bbox 1183 1237 1256 1293; x_wconf 80' lang='lat' dir='ltr'><strong><em>ostia</em></strong></span> <span class='ocrx_word' id='word_1_81' title='bbox 1262 1232 1375 1313; x_wconf 87' lang='lat' dir='ltr'><strong><em>jacere,</em></strong></span> <span class='ocrx_word' id='word_1_82' title='bbox 1391 1233 1428 1294; x_wconf 92' lang='lat' dir='ltr'><strong><em>ab</em></strong></span> <span class='ocrx_word' id='word_1_83' title='bbox 1449 1232 1587 1312; x_wconf 84' lang='lat' dir='ltr'><strong><em>Ptn&#39;tippo</em></strong></span> <span class='ocrx_word' id='word_1_84' title='bbox 1600 1253 1649 1296; x_wconf 89' lang='lat' dir='ltr'><strong><em>re·</em></strong></span> 
     </span>
     <span class='ocr_line' id='line_1_9' title="bbox 427 1320 1649 1413; baseline -0.002 -22"><span class='ocrx_word' id='word_1_85' title='bbox 427 1348 516 1413; x_wconf 78' lang='lat' dir='ltr'><strong><em>paura</em></strong></span> <span class='ocrx_word' id='word_1_86' title='bbox 540 1330 726 1412; x_wconf 84' lang='lat' dir='ltr'><strong><em>abjudicare.-</em></strong></span> <span class='ocrx_word' id='word_1_87' title='bbox 744 1327 849 1389; x_wconf 86' lang='lat' dir='ltr'><strong><em>Coreto</em></strong></span> <span class='ocrx_word' id='word_1_88' title='bbox 873 1328 1008 1389; x_wconf 77' lang='lat' dir='ltr'><strong><em>Austrrae</em></strong></span> <span class='ocrx_word' id='word_1_89' title='bbox 1023 1320 1240 1405; x_wconf 76' lang='lat' dir='ltr'><strong><em>Arabiducijus</em></strong></span> <span class='ocrx_word' id='word_1_90' title='bbox 1261 1328 1292 1384; x_wconf 87' lang='lat' dir='ltr'><strong><em>in</em></strong></span> <span class='ocrx_word' id='word_1_91' title='bbox 1314 1322 1484 1387; x_wconf 78' lang='lat' dir='ltr'><strong><em>mmmrcbia</em></strong></span> <span class='ocrx_word' id='word_1_92' title='bbox 1504 1344 1649 1405; x_wconf 81' lang='lat' dir='ltr'><strong><em>asserere,</em></strong></span> 
     </span>
     <span class='ocr_line' id='line_1_10' title="bbox 428 1415 1648 1505; baseline -0.008 -17"><span class='ocrx_word' id='word_1_93' title='bbox 428 1428 515 1505; x_wconf 76' lang='lat' dir='ltr'><strong><em>iimcc</em></strong></span> <span class='ocrx_word' id='word_1_94' title='bbox 522 1424 637 1503; x_wconf 83' lang='lat' dir='ltr'><strong><em>patum</em></strong></span> <span class='ocrx_word' id='word_1_95' title='bbox 651 1418 778 1500; x_wconf 82' lang='lat' dir='ltr'><strong><em>Denique</em></strong></span> <span class='ocrx_word' id='word_1_96' title='bbox 784 1438 842 1499; x_wconf 88' lang='lat' dir='ltr'><strong><em>per</em></strong></span> <span class='ocrx_word' id='word_1_97' title='bbox 855 1437 939 1498; x_wconf 82' lang='lat' dir='ltr'><strong><em>quem</em></strong></span> <span class='ocrx_word' id='word_1_98' title='bbox 947 1415 1115 1481; x_wconf 82' lang='lat' dir='ltr'><strong><em>suaItomae</em></strong></span> <span class='ocrx_word' id='word_1_99' title='bbox 1126 1416 1303 1477; x_wconf 89' lang='lat' dir='ltr'><strong><em>curabantur</em></strong></span> <span class='ocrx_word' id='word_1_100' title='bbox 1312 1417 1490 1480; x_wconf 74' lang='lat' dir='ltr'><strong><em>comatus</em></strong></span> <span class='ocrx_word' id='word_1_101' title='bbox 1500 1438 1531 1482; x_wconf 89' lang='lat' dir='ltr'><strong><em>se</em></strong></span> <span class='ocrx_word' id='word_1_102' title='bbox 1541 1423 1648 1498; x_wconf 86' lang='lat' dir='ltr'><strong><em>aperit,</em></strong></span> 
     </span>
     <span class='ocr_line' id='line_1_11' title="bbox 429 1511 1649 1596; baseline -0.007 -13"><span class='ocrx_word' id='word_1_103' title='bbox 429 1526 459 1583; x_wconf 90' lang='lat' dir='ltr'><strong><em>et</em></strong></span> <span class='ocrx_word' id='word_1_104' title='bbox 472 1522 514 1582; x_wconf 90' lang='lat' dir='ltr'><strong><em>ad</em></strong></span> <span class='ocrx_word' id='word_1_105' title='bbox 526 1525 611 1596; x_wconf 85' lang='lat' dir='ltr'><strong><em>repni</em></strong></span> <span class='ocrx_word' id='word_1_106' title='bbox 623 1524 732 1579; x_wconf 86' lang='lat' dir='ltr'><strong><em>motum</em></strong></span> <span class='ocrx_word' id='word_1_107' title='bbox 746 1535 813 1582; x_wconf 86' lang='lat' dir='ltr'><strong><em>suos</em></strong></span> <span class='ocrx_word' id='word_1_108' title='bbox 825 1521 916 1595; x_wconf 67' lang='lat' dir='ltr'><strong><em>mars,</em></strong></span> <span class='ocrx_word' id='word_1_109' title='bbox 930 1518 958 1575; x_wconf 87' lang='lat' dir='ltr'><strong><em>et</em></strong></span> <span class='ocrx_word' id='word_1_110' title='bbox 970 1513 1088 1575; x_wconf 74' lang='lat' dir='ltr'><strong><em>auxilia</em></strong></span> <span class='ocrx_word' id='word_1_111' title='bbox 1100 1513 1251 1591; x_wconf 71' lang='lat' dir='ltr'><strong><em>mapmflcc</em></strong></span> <span class='ocrx_word' id='word_1_112' title='bbox 1265 1513 1433 1590; x_wconf 88' lang='lat' dir='ltr'><strong><em>pollicetur.</em></strong></span> <span class='ocrx_word' id='word_1_113' title='bbox 1449 1511 1604 1576; x_wconf 85' lang='lat' dir='ltr'><strong><em>Praeterea</em></strong></span> <span class='ocrx_word' id='word_1_114' title='bbox 1617 1519 1649 1574; x_wconf 88' lang='lat' dir='ltr'><strong><em>in</em></strong></span> 
     </span>
     <span class='ocr_line' id='line_1_12' title="bbox 431 1607 1650 1693; baseline -0.006 -16"><span class='ocrx_word' id='word_1_115' title='bbox 431 1614 486 1677; x_wconf 91' lang='lat' dir='ltr'><strong><em>bas</em></strong></span> <span class='ocrx_word' id='word_1_116' title='bbox 495 1620 622 1693; x_wconf 77' lang='lat' dir='ltr'><strong><em>paricse</em></strong></span> <span class='ocrx_word' id='word_1_117' title='bbox 634 1615 770 1675; x_wconf 75' lang='lat' dir='ltr'><strong><em>donanis</em></strong></span> <span class='ocrx_word' id='word_1_118' title='bbox 775 1611 944 1690; x_wconf 71' lang='lat' dir='ltr'><strong><em>proceribus</em></strong></span> <span class='ocrx_word' id='word_1_119' title='bbox 955 1626 1025 1672; x_wconf 77' lang='lat' dir='ltr'><strong><em>sosas</em></strong></span> <span class='ocrx_word' id='word_1_120' title='bbox 1035 1614 1129 1689; x_wconf 80' lang='lat' dir='ltr'><strong><em>cerpit</em></strong></span> <span class='ocrx_word' id='word_1_121' title='bbox 1139 1626 1207 1686; x_wconf 88' lang='lat' dir='ltr'><strong><em>opes</em></strong></span> <span class='ocrx_word' id='word_1_122' title='bbox 1217 1608 1322 1672; x_wconf 84' lang='lat' dir='ltr'><strong><em>Liuius</em></strong></span> <span class='ocrx_word' id='word_1_123' title='bbox 1334 1607 1530 1671; x_wconf 85' lang='lat' dir='ltr'><strong><em>Odescatcbus</em></strong></span> <span class='ocrx_word' id='word_1_124' title='bbox 1541 1611 1650 1672; x_wconf 84' lang='lat' dir='ltr'><strong><em>rnedio-</em></strong></span> 
     </span>
     <span class='ocr_line' id='line_1_13' title="bbox 431 1704 1649 1790; baseline -0.003 -20"><span class='ocrx_word' id='word_1_125' title='bbox 431 1710 561 1773; x_wconf 82' lang='lat' dir='ltr'><strong><em>lancnsis</em></strong></span> <span class='ocrx_word' id='word_1_126' title='bbox 572 1714 724 1790; x_wconf 86' lang='lat' dir='ltr'><strong><em>patricius,</em></strong></span> <span class='ocrx_word' id='word_1_127' title='bbox 735 1715 762 1771; x_wconf 90' lang='lat' dir='ltr'><strong><em>el</em></strong></span> <span class='ocrx_word' id='word_1_128' title='bbox 776 1708 971 1787; x_wconf 86' lang='lat' dir='ltr'><strong><em>Hispanorum</em></strong></span> <span class='ocrx_word' id='word_1_129' title='bbox 983 1713 1015 1767; x_wconf 89' lang='lat' dir='ltr'><strong><em>in</em></strong></span> <span class='ocrx_word' id='word_1_130' title='bbox 1028 1724 1063 1768; x_wconf 90' lang='lat' dir='ltr'><strong><em>ea</em></strong></span> <span class='ocrx_word' id='word_1_131' title='bbox 1083 1708 1190 1767; x_wconf 87' lang='lat' dir='ltr'><strong><em>ditione</em></strong></span> <span class='ocrx_word' id='word_1_132' title='bbox 1202 1704 1410 1783; x_wconf 74' lang='lat' dir='ltr'><strong><em>beneficiarius,</em></strong></span> <span class='ocrx_word' id='word_1_133' title='bbox 1423 1707 1478 1768; x_wconf 85' lang='lat' dir='ltr'><strong><em>sed</em></strong></span> <span class='ocrx_word' id='word_1_134' title='bbox 1490 1706 1528 1767; x_wconf 93' lang='lat' dir='ltr'><strong><em>ab</em></strong></span> <span class='ocrx_word' id='word_1_135' title='bbox 1536 1709 1649 1784; x_wconf 88' lang='lat' dir='ltr'><strong><em>patruo</em></strong></span> 
     </span>
     <span class='ocr_line' id='line_1_14' title="bbox 431 1802 1648 1882; baseline -0.002 -18"><span class='ocrx_word' id='word_1_136' title='bbox 431 1804 600 1867; x_wconf 72' lang='lat' dir='ltr'><strong><em>Innocentio</em></strong></span> <span class='ocrx_word' id='word_1_137' title='bbox 612 1806 657 1867; x_wconf 91' lang='lat' dir='ltr'><strong><em>III</em></strong></span> <span class='ocrx_word' id='word_1_138' title='bbox 665 1805 800 1882; x_wconf 63' lang='lat' dir='ltr'><strong><em>Pomrpue</em></strong></span> <span class='ocrx_word' id='word_1_139' title='bbox 814 1805 946 1866; x_wconf 73' lang='lat' dir='ltr'><strong><em>Marino</em></strong></span> <span class='ocrx_word' id='word_1_140' title='bbox 960 1802 1104 1881; x_wconf 79' lang='lat' dir='ltr'><strong><em>leopoldi</em></strong></span> <span class='ocrx_word' id='word_1_141' title='bbox 1119 1804 1253 1864; x_wconf 80' lang='lat' dir='ltr'><strong><em>Caesaris</em></strong></span> <span class='ocrx_word' id='word_1_142' title='bbox 1265 1805 1378 1880; x_wconf 84' lang='lat' dir='ltr'><strong><em>pratiae</em></strong></span> <span class='ocrx_word' id='word_1_143' title='bbox 1393 1806 1491 1863; x_wconf 74' lang='lat' dir='ltr'><strong><em>utine</em></strong></span> <span class='ocrx_word' id='word_1_144' title='bbox 1501 1803 1648 1864; x_wconf 86' lang='lat' dir='ltr'><strong><em>admotus.</em></strong></span> 
     </span>
     <span class='ocr_line' id='line_1_15' title="bbox 431 1892 1649 1980; baseline 0 -26"><span class='ocrx_word' id='word_1_145' title='bbox 431 1892 546 1959; x_wconf 75' lang='lat' dir='ltr'><strong><em>aeonae</em></strong></span> <span class='ocrx_word' id='word_1_146' title='bbox 560 1903 678 1957; x_wconf 71' lang='lat' dir='ltr'><strong><em>oosnino</em></strong></span> <span class='ocrx_word' id='word_1_147' title='bbox 691 1899 851 1971; x_wconf 82' lang='lat' dir='ltr'><strong><em>decimius,</em></strong></span> <span class='ocrx_word' id='word_1_148' title='bbox 864 1895 915 1956; x_wconf 87' lang='lat' dir='ltr'><strong><em>nbi</em></strong></span> <span class='ocrx_word' id='word_1_149' title='bbox 926 1911 1051 1958; x_wconf 82' lang='lat' dir='ltr'><strong><em>sumrrms</em></strong></span> <span class='ocrx_word' id='word_1_150' title='bbox 1066 1892 1253 1980; x_wconf 72' lang='lat' dir='ltr'><strong><em>Sc&#39;rrucnssum</em></strong></span> <span class='ocrx_word' id='word_1_151' title='bbox 1257 1899 1398 1973; x_wconf 85' lang='lat' dir='ltr'><strong><em>princeps</em></strong></span> <span class='ocrx_word' id='word_1_152' title='bbox 1418 1894 1455 1955; x_wconf 90' lang='lat' dir='ltr'><strong><em>ab</em></strong></span> <span class='ocrx_word' id='word_1_153' title='bbox 1469 1893 1649 1971; x_wconf 77' lang='lat' dir='ltr'><strong><em>Imperatore</em></strong></span> 
     </span>
     <span class='ocr_line' id='line_1_16' title="bbox 432 1988 1647 2071; baseline -0.002 -20"><span class='ocrx_word' id='word_1_154' title='bbox 432 1997 546 2057; x_wconf 89' lang='lat' dir='ltr'><strong><em>creatus</em></strong></span> <span class='ocrx_word' id='word_1_155' title='bbox 556 1997 618 2069; x_wconf 69' lang='lat' dir='ltr'><strong><em>est,</em></strong></span> <span class='ocrx_word' id='word_1_156' title='bbox 632 1995 684 2056; x_wconf 89' lang='lat' dir='ltr'><strong><em>sed</em></strong></span> <span class='ocrx_word' id='word_1_157' title='bbox 692 1993 748 2054; x_wconf 87' lang='lat' dir='ltr'><strong><em>itta</em></strong></span> <span class='ocrx_word' id='word_1_158' title='bbox 753 2011 811 2071; x_wconf 86' lang='lat' dir='ltr'><strong><em>per</em></strong></span> <span class='ocrx_word' id='word_1_159' title='bbox 822 1990 976 2071; x_wconf 77' lang='lat' dir='ltr'><strong><em>Sanqrium</em></strong></span> <span class='ocrx_word' id='word_1_160' title='bbox 985 1989 1050 2068; x_wconf 80' lang='lat' dir='ltr'><strong><em>sere</em></strong></span> <span class='ocrx_word' id='word_1_161' title='bbox 1061 1995 1156 2050; x_wconf 75' lang='lat' dir='ltr'><strong><em>mama</em></strong></span> <span class='ocrx_word' id='word_1_162' title='bbox 1165 1989 1202 2050; x_wconf 91' lang='lat' dir='ltr'><strong><em>ab</em></strong></span> <span class='ocrx_word' id='word_1_163' title='bbox 1213 1989 1321 2051; x_wconf 76' lang='lat' dir='ltr'><strong><em>acuns</em></strong></span> <span class='ocrx_word' id='word_1_164' title='bbox 1330 1992 1373 2054; x_wconf 89' lang='lat' dir='ltr'><strong><em>ad</em></strong></span> <span class='ocrx_word' id='word_1_165' title='bbox 1382 1988 1477 2053; x_wconf 88' lang='lat' dir='ltr'><strong><em>bostes</em></strong></span> <span class='ocrx_word' id='word_1_166' title='bbox 1484 1992 1647 2067; x_wconf 67' lang='lat' dir='ltr'><strong><em>mmmm,</em></strong></span> 
     </span>
     <span class='ocr_line' id='line_1_17' title="bbox 432 2083 1649 2171; baseline -0.002 -23"><span class='ocrx_word' id='word_1_167' title='bbox 432 2092 527 2148; x_wconf 88' lang='lat' dir='ltr'><strong><em>amoto</em></strong></span> <span class='ocrx_word' id='word_1_168' title='bbox 539 2088 653 2171; x_wconf 84' lang='lat' dir='ltr'><strong><em>judicis</em></strong></span> <span class='ocrx_word' id='word_1_169' title='bbox 673 2094 766 2149; x_wconf 72' lang='lat' dir='ltr'><strong><em>motem</em></strong></span> <span class='ocrx_word' id='word_1_170' title='bbox 782 2086 860 2167; x_wconf 65' lang='lat' dir='ltr'><strong><em>quood</em></strong></span> <span class='ocrx_word' id='word_1_171' title='bbox 878 2084 1025 2146; x_wconf 87' lang='lat' dir='ltr'><strong><em>bominum</em></strong></span> <span class='ocrx_word' id='word_1_172' title='bbox 1038 2102 1127 2160; x_wconf 82' lang='lat' dir='ltr'><strong><em>penus</em></strong></span> <span class='ocrx_word' id='word_1_173' title='bbox 1140 2091 1172 2145; x_wconf 87' lang='lat' dir='ltr'><strong><em>in</em></strong></span> <span class='ocrx_word' id='word_1_174' title='bbox 1183 2085 1253 2145; x_wconf 89' lang='lat' dir='ltr'><strong><em>arbe</em></strong></span> <span class='ocrx_word' id='word_1_175' title='bbox 1273 2085 1404 2147; x_wconf 78' lang='lat' dir='ltr'><strong><em>rourum.</em></strong></span> <span class='ocrx_word' id='word_1_176' title='bbox 1415 2084 1467 2146; x_wconf 88' lang='lat' dir='ltr'><strong><em>nbi</em></strong></span> <span class='ocrx_word' id='word_1_177' title='bbox 1487 2083 1649 2161; x_wconf 79' lang='lat' dir='ltr'><strong><em>compturus</em></strong></span> 
     </span>
     <span class='ocr_line' id='line_1_18' title="bbox 425 2179 1649 2261; baseline 0.001 -21"><span class='ocrx_word' id='word_1_178' title='bbox 425 2187 597 2261; x_wconf 77' lang='lat' dir='ltr'><strong><em>principum</em></strong></span> <span class='ocrx_word' id='word_1_179' title='bbox 615 2182 779 2260; x_wconf 81' lang='lat' dir='ltr'><strong><em>Repunrquc</em></strong></span> <span class='ocrx_word' id='word_1_180' title='bbox 790 2181 896 2257; x_wconf 82' lang='lat' dir='ltr'><strong><em>Lepati</em></strong></span> <span class='ocrx_word' id='word_1_181' title='bbox 907 2184 1009 2259; x_wconf 67' lang='lat' dir='ltr'><strong><em>apaan,</em></strong></span> <span class='ocrx_word' id='word_1_182' title='bbox 1023 2184 1049 2240; x_wconf 89' lang='lat' dir='ltr'><strong><em>et</em></strong></span> <span class='ocrx_word' id='word_1_183' title='bbox 1064 2179 1142 2240; x_wconf 85' lang='lat' dir='ltr'><strong><em>atius</em></strong></span> <span class='ocrx_word' id='word_1_184' title='bbox 1155 2180 1268 2240; x_wconf 86' lang='lat' dir='ltr'><strong><em>alienae</em></strong></span> <span class='ocrx_word' id='word_1_185' title='bbox 1282 2181 1455 2258; x_wconf 75' lang='lat' dir='ltr'><strong><em>reipublicae</em></strong></span> <span class='ocrx_word' id='word_1_186' title='bbox 1478 2197 1589 2240; x_wconf 90' lang='lat' dir='ltr'><strong><em>arcana</em></strong></span> <span class='ocrx_word' id='word_1_187' title='bbox 1603 2196 1649 2241; x_wconf 88' lang='lat' dir='ltr'><strong><em>as·</em></strong></span> 
     </span>
     <span class='ocr_line' id='line_1_19' title="bbox 432 2271 1648 2357; baseline -0.004 -16"><span class='ocrx_word' id='word_1_188' title='bbox 432 2285 515 2356; x_wconf 80' lang='lat' dir='ltr'><strong><em>sequi</em></strong></span> <span class='ocrx_word' id='word_1_189' title='bbox 526 2281 631 2357; x_wconf 85' lang='lat' dir='ltr'><strong><em>studet,</em></strong></span> <span class='ocrx_word' id='word_1_190' title='bbox 647 2277 784 2355; x_wconf 73' lang='lat' dir='ltr'><strong><em>Pontifex</em></strong></span> <span class='ocrx_word' id='word_1_191' title='bbox 797 2280 935 2354; x_wconf 79' lang='lat' dir='ltr'><strong><em>numum,</em></strong></span> <span class='ocrx_word' id='word_1_192' title='bbox 945 2279 1122 2354; x_wconf 85' lang='lat' dir='ltr'><strong><em>quapropter</em></strong></span> <span class='ocrx_word' id='word_1_193' title='bbox 1136 2271 1277 2352; x_wconf 81' lang='lat' dir='ltr'><strong><em>Sonprius</em></strong></span> <span class='ocrx_word' id='word_1_194' title='bbox 1286 2277 1423 2338; x_wconf 78' lang='lat' dir='ltr'><strong><em>sicuritata</em></strong></span> <span class='ocrx_word' id='word_1_195' title='bbox 1433 2276 1494 2352; x_wconf 78' lang='lat' dir='ltr'><strong><em>fide</em></strong></span> <span class='ocrx_word' id='word_1_196' title='bbox 1507 2275 1589 2354; x_wconf 89' lang='lat' dir='ltr'><strong><em>apud</em></strong></span> <span class='ocrx_word' id='word_1_197' title='bbox 1601 2273 1648 2336; x_wconf 86' lang='lat' dir='ltr'><strong><em>In·</em></strong></span> 
     </span>
     <span class='ocr_line' id='line_1_20' title="bbox 432 2363 1654 2449; baseline -0.002 -20"><span class='ocrx_word' id='word_1_198' title='bbox 432 2373 614 2449; x_wconf 86' lang='lat' dir='ltr'><strong><em>spanienscm</em></strong></span> <span class='ocrx_word' id='word_1_199' title='bbox 626 2365 768 2446; x_wconf 77' lang='lat' dir='ltr'><strong><em>Iapetum</em></strong></span> <span class='ocrx_word' id='word_1_200' title='bbox 778 2368 913 2442; x_wconf 76' lang='lat' dir='ltr'><strong><em>interdiu,</em></strong></span> <span class='ocrx_word' id='word_1_201' title='bbox 923 2370 950 2427; x_wconf 87' lang='lat' dir='ltr'><strong><em>et</em></strong></span> <span class='ocrx_word' id='word_1_202' title='bbox 956 2365 1063 2444; x_wconf 89' lang='lat' dir='ltr'><strong><em>potam</em></strong></span> <span class='ocrx_word' id='word_1_203' title='bbox 1071 2369 1178 2439; x_wconf 86' lang='lat' dir='ltr'><strong><em>uersat,</em></strong></span> <span class='ocrx_word' id='word_1_204' title='bbox 1189 2370 1219 2424; x_wconf 90' lang='lat' dir='ltr'><strong><em>ut</em></strong></span> <span class='ocrx_word' id='word_1_205' title='bbox 1231 2365 1419 2443; x_wconf 71' lang='lat' dir='ltr'><strong><em>inexplorata</em></strong></span> <span class='ocrx_word' id='word_1_206' title='bbox 1429 2365 1465 2426; x_wconf 92' lang='lat' dir='ltr'><strong><em>ab</em></strong></span> <span class='ocrx_word' id='word_1_207' title='bbox 1478 2363 1654 2443; x_wconf 77' lang='lat' dir='ltr'><strong><em>bispameae</em></strong></span> 
     </span>
     <span class='ocr_line' id='line_1_21' title="bbox 435 2459 1654 2543; baseline -0.001 -21"><span class='ocrx_word' id='word_1_208' title='bbox 435 2463 544 2524; x_wconf 87' lang='lat' dir='ltr'><strong><em>ditioni</em></strong></span> <span class='ocrx_word' id='word_1_209' title='bbox 555 2463 677 2527; x_wconf 85' lang='lat' dir='ltr'><strong><em>subditis</em></strong></span> <span class='ocrx_word' id='word_1_210' title='bbox 690 2461 898 2543; x_wconf 76' lang='lat' dir='ltr'><strong><em>conjurationis</em></strong></span> <span class='ocrx_word' id='word_1_211' title='bbox 912 2465 978 2522; x_wconf 84' lang='lat' dir='ltr'><strong><em>acta</em></strong></span> <span class='ocrx_word' id='word_1_212' title='bbox 991 2459 1167 2537; x_wconf 76' lang='lat' dir='ltr'><strong><em>comitiaque</em></strong></span> <span class='ocrx_word' id='word_1_213' title='bbox 1180 2467 1309 2539; x_wconf 78' lang='lat' dir='ltr'><strong><em>encipicu</em></strong></span> <span class='ocrx_word' id='word_1_214' title='bbox 1319 2483 1328 2539; x_wconf 79' lang='lat'>3</span> <span class='ocrx_word' id='word_1_215' title='bbox 1339 2463 1409 2523; x_wconf 90' lang='lat' dir='ltr'><strong><em>inde</em></strong></span> <span class='ocrx_word' id='word_1_216' title='bbox 1422 2463 1463 2521; x_wconf 88' lang='lat' dir='ltr'><strong><em>ad</em></strong></span> <span class='ocrx_word' id='word_1_217' title='bbox 1476 2461 1517 2520; x_wconf 89' lang='lat' dir='ltr'><strong><em>N.</em></strong></span> <span class='ocrx_word' id='word_1_218' title='bbox 1537 2460 1654 2521; x_wconf 83' lang='lat' dir='ltr'><strong><em>Grime-</em></strong></span> 
     </span>
     <span class='ocr_line' id='line_1_22' title="bbox 433 2555 1654 2639; baseline -0.002 -18"><span class='ocrx_word' id='word_1_219' title='bbox 433 2577 503 2621; x_wconf 86' lang='lat' dir='ltr'><strong><em>num</em></strong></span> <span class='ocrx_word' id='word_1_220' title='bbox 515 2559 709 2639; x_wconf 78' lang='lat' dir='ltr'><strong><em>cardinalem,</em></strong></span> <span class='ocrx_word' id='word_1_221' title='bbox 723 2563 751 2620; x_wconf 86' lang='lat' dir='ltr'><strong><em>ei</em></strong></span> <span class='ocrx_word' id='word_1_222' title='bbox 766 2559 954 2620; x_wconf 84' lang='lat' dir='ltr'><strong><em>Franciscum</em></strong></span> <span class='ocrx_word' id='word_1_223' title='bbox 966 2555 1122 2634; x_wconf 83' lang='lat' dir='ltr'><strong><em>toseplsum</em></strong></span> <span class='ocrx_word' id='word_1_224' title='bbox 1135 2555 1375 2635; x_wconf 83' lang='lat' dir='ltr'><strong><em>Lamberpensem</em></strong></span> <span class='ocrx_word' id='word_1_225' title='bbox 1391 2563 1527 2622; x_wconf 79' lang='lat' dir='ltr'><strong><em>Garatom</em></strong></span> <span class='ocrx_word' id='word_1_226' title='bbox 1544 2559 1654 2619; x_wconf 83' lang='lat' dir='ltr'><strong><em>Caesa·</em></strong></span> 
     </span>
     <span class='ocr_line' id='line_1_23' title="bbox 435 2651 1653 2733; baseline 0.002 -21"><span class='ocrx_word' id='word_1_227' title='bbox 435 2660 479 2716; x_wconf 87' lang='lat' dir='ltr'><strong><em>ris</em></strong></span> <span class='ocrx_word' id='word_1_228' title='bbox 490 2655 532 2715; x_wconf 91' lang='lat' dir='ltr'><strong><em>ad</em></strong></span> <span class='ocrx_word' id='word_1_229' title='bbox 546 2653 711 2730; x_wconf 79' lang='lat' dir='ltr'><strong><em>Pontificem</em></strong></span> <span class='ocrx_word' id='word_1_230' title='bbox 721 2653 863 2728; x_wconf 84' lang='lat' dir='ltr'><strong><em>Lepatam</em></strong></span> <span class='ocrx_word' id='word_1_231' title='bbox 872 2656 1028 2713; x_wconf 88' lang='lat' dir='ltr'><strong><em>nocturnus</em></strong></span> <span class='ocrx_word' id='word_1_232' title='bbox 1037 2651 1173 2727; x_wconf 86' lang='lat' dir='ltr'><strong><em>deponat.</em></strong></span> <span class='ocrx_word' id='word_1_233' title='bbox 1188 2652 1402 2733; x_wconf 82' lang='lat' dir='ltr'><strong><em>Conjurationis</em></strong></span> <span class='ocrx_word' id='word_1_234' title='bbox 1411 2652 1472 2729; x_wconf 72' lang='lat' dir='ltr'><strong><em>saa</em></strong></span> <span class='ocrx_word' id='word_1_235' title='bbox 1484 2652 1653 2730; x_wconf 61' lang='lat' dir='ltr'><strong><em>Grimanua</em></strong></span> 
     </span>
     <span class='ocr_line' id='line_1_24' title="bbox 435 2741 1655 2824; baseline 0.002 -19"><span class='ocrx_word' id='word_1_236' title='bbox 435 2749 562 2820; x_wconf 71' lang='lat' dir='ltr'><strong><em>reatus,</em></strong></span> <span class='ocrx_word' id='word_1_237' title='bbox 577 2744 669 2805; x_wconf 87' lang='lat' dir='ltr'><strong><em>nobiti</em></strong></span> <span class='ocrx_word' id='word_1_238' title='bbox 678 2749 800 2824; x_wconf 79' lang='lat' dir='ltr'><strong><em>criptae,</em></strong></span> <span class='ocrx_word' id='word_1_239' title='bbox 814 2743 912 2806; x_wconf 87' lang='lat' dir='ltr'><strong><em>indole</em></strong></span> <span class='ocrx_word' id='word_1_240' title='bbox 923 2741 1074 2805; x_wconf 78' lang='lat' dir='ltr'><strong><em>crebennus</em></strong></span> <span class='ocrx_word' id='word_1_241' title='bbox 1086 2744 1113 2800; x_wconf 87' lang='lat' dir='ltr'><strong><em>et</em></strong></span> <span class='ocrx_word' id='word_1_242' title='bbox 1121 2742 1279 2821; x_wconf 82' lang='lat' dir='ltr'><strong><em>multiplici</em></strong></span> <span class='ocrx_word' id='word_1_243' title='bbox 1291 2745 1422 2824; x_wconf 85' lang='lat' dir='ltr'><strong><em>consitio,</em></strong></span> <span class='ocrx_word' id='word_1_244' title='bbox 1436 2744 1571 2809; x_wconf 72' lang='lat' dir='ltr'><strong><em>aaron</em></strong></span> <span class='ocrx_word' id='word_1_245' title='bbox 1584 2763 1655 2823; x_wconf 86' lang='lat' dir='ltr'><strong><em>ope·</em></strong></span> 
     </span>
     <span class='ocr_line' id='line_1_25' title="bbox 436 2832 1653 2912; baseline 0.003 -17"><span class='ocrx_word' id='word_1_246' title='bbox 436 2853 480 2909; x_wconf 91' lang='lat' dir='ltr'><strong><em>re,</em></strong></span> <span class='ocrx_word' id='word_1_247' title='bbox 496 2835 530 2895; x_wconf 90' lang='lat' dir='ltr'><strong><em>ob</em></strong></span> <span class='ocrx_word' id='word_1_248' title='bbox 544 2839 710 2896; x_wconf 88' lang='lat' dir='ltr'><strong><em>meritorum</em></strong></span> <span class='ocrx_word' id='word_1_249' title='bbox 723 2840 920 2896; x_wconf 76' lang='lat' dir='ltr'><strong><em>cannuccium</em></strong></span> <span class='ocrx_word' id='word_1_250' title='bbox 936 2832 1111 2910; x_wconf 86' lang='lat' dir='ltr'><strong><em>Imperatori</em></strong></span> <span class='ocrx_word' id='word_1_251' title='bbox 1123 2850 1219 2896; x_wconf 82' lang='lat' dir='ltr'><strong><em>carus.</em></strong></span> <span class='ocrx_word' id='word_1_252' title='bbox 1239 2833 1392 2898; x_wconf 84' lang='lat' dir='ltr'><strong><em>Nemetis</em></strong></span> <span class='ocrx_word' id='word_1_253' title='bbox 1411 2837 1533 2898; x_wconf 84' lang='lat' dir='ltr'><strong><em>Caesari</em></strong></span> <span class='ocrx_word' id='word_1_254' title='bbox 1543 2834 1653 2912; x_wconf 71' lang='lat' dir='ltr'><strong><em>faedus</em></strong></span> 
     </span>
     <span class='ocr_line' id='line_1_26' title="bbox 435 2925 1655 3006; baseline -0.002 -17"><span class='ocrx_word' id='word_1_255' title='bbox 435 2934 469 2989; x_wconf 84' lang='lat' dir='ltr'><strong><em>in</em></strong></span> <span class='ocrx_word' id='word_1_256' title='bbox 484 2927 638 3004; x_wconf 75' lang='lat' dir='ltr'><strong><em>Allobrope</em></strong></span> <span class='ocrx_word' id='word_1_257' title='bbox 650 2931 792 2989; x_wconf 85' lang='lat' dir='ltr'><strong><em>sauctturn</em></strong></span> <span class='ocrx_word' id='word_1_258' title='bbox 803 2932 948 3004; x_wconf 81' lang='lat' dir='ltr'><strong><em>superiori</em></strong></span> <span class='ocrx_word' id='word_1_259' title='bbox 959 2925 1034 2988; x_wconf 92' lang='lat' dir='ltr'><strong><em>bello</em></strong></span> <span class='ocrx_word' id='word_1_260' title='bbox 1045 2925 1156 3002; x_wconf 89' lang='lat' dir='ltr'><strong><em>retulit,</em></strong></span> <span class='ocrx_word' id='word_1_261' title='bbox 1167 2930 1194 2986; x_wconf 88' lang='lat' dir='ltr'><strong><em>et</em></strong></span> <span class='ocrx_word' id='word_1_262' title='bbox 1208 2927 1315 2988; x_wconf 84' lang='lat' dir='ltr'><strong><em>Caesar</em></strong></span> <span class='ocrx_word' id='word_1_263' title='bbox 1325 2932 1355 2986; x_wconf 91' lang='lat' dir='ltr'><strong><em>ci</em></strong></span> <span class='ocrx_word' id='word_1_264' title='bbox 1364 2945 1472 3006; x_wconf 82' lang='lat' dir='ltr'><strong><em>mapna</em></strong></span> <span class='ocrx_word' id='word_1_265' title='bbox 1485 2927 1522 2987; x_wconf 91' lang='lat' dir='ltr'><strong><em>ob</em></strong></span> <span class='ocrx_word' id='word_1_266' title='bbox 1533 2928 1566 2986; x_wconf 88' lang='lat' dir='ltr'><strong><em>id</em></strong></span> <span class='ocrx_word' id='word_1_267' title='bbox 1583 2925 1655 2986; x_wconf 86' lang='lat' dir='ltr'><strong><em>Gat-</em></strong></span> 
     </span>
     <span class='ocr_line' id='line_1_27' title="bbox 404 3013 1654 3103; baseline 0 -27"><span class='ocrx_word' id='word_1_268' title='bbox 404 3088 408 3103; x_wconf 37' lang='lat'><strong><em>¹</em></strong></span> <span class='ocrx_word' id='word_1_269' title='bbox 439 3016 497 3078; x_wconf 90' lang='lat' dir='ltr'><strong><em>tiae</em></strong></span> <span class='ocrx_word' id='word_1_270' title='bbox 511 3022 588 3094; x_wconf 79' lang='lat' dir='ltr'><strong><em>repis</em></strong></span> <span class='ocrx_word' id='word_1_271' title='bbox 601 3015 669 3076; x_wconf 87' lang='lat' dir='ltr'><strong><em>odia</em></strong></span> <span class='ocrx_word' id='word_1_272' title='bbox 675 3015 805 3098; x_wconf 76' lang='lat' dir='ltr'><strong><em>jactasti</em></strong></span> <span class='ocrx_word' id='word_1_273' title='bbox 813 3017 849 3075; x_wconf 92' lang='lat' dir='ltr'><strong><em>ab</em></strong></span> <span class='ocrx_word' id='word_1_274' title='bbox 864 3015 1031 3077; x_wconf 82' lang='lat' dir='ltr'><strong><em>Innocentio</em></strong></span> <span class='ocrx_word' id='word_1_275' title='bbox 1041 3013 1087 3076; x_wconf 87' lang='lat' dir='ltr'><strong><em>XI</em></strong></span> <span class='ocrx_word' id='word_1_276' title='bbox 1101 3015 1270 3077; x_wconf 85' lang='lat' dir='ltr'><strong><em>Cardinalis</em></strong></span> <span class='ocrx_word' id='word_1_277' title='bbox 1280 3015 1451 3095; x_wconf 73' lang='lat' dir='ltr'><strong><em>dc&#39;pnitatem</em></strong></span> <span class='ocrx_word' id='word_1_278' title='bbox 1460 3015 1654 3098; x_wconf 65' lang='lat' dir='ltr'><strong><em>supraemos.</em></strong></span> 
     </span>
     <span class='ocr_line' id='line_1_28' title="bbox 440 3104 1656 3185; baseline 0.001 -18"><span class='ocrx_word' id='word_1_279' title='bbox 440 3106 481 3167; x_wconf 89' lang='lat' dir='ltr'><strong><em>Ob</em></strong></span> <span class='ocrx_word' id='word_1_280' title='bbox 500 3107 572 3167; x_wconf 83' lang='lat' dir='ltr'><strong><em>traec</em></strong></span> <span class='ocrx_word' id='word_1_281' title='bbox 595 3112 661 3184; x_wconf 90' lang='lat' dir='ltr'><strong><em>ipso</em></strong></span> <span class='ocrx_word' id='word_1_282' title='bbox 675 3104 813 3184; x_wconf 73' lang='lat' dir='ltr'><strong><em>Philippo</em></strong></span> <span class='ocrx_word' id='word_1_283' title='bbox 833 3111 948 3184; x_wconf 75' lang='lat' dir='ltr'><strong><em>intonas</em></strong></span> <span class='ocrx_word' id='word_1_284' title='bbox 961 3110 1059 3165; x_wconf 86' lang='lat' dir='ltr'><strong><em>omnia</em></strong></span> <span class='ocrx_word' id='word_1_285' title='bbox 1072 3110 1269 3182; x_wconf 86' lang='lat' dir='ltr'><strong><em>comminiscit,</em></strong></span> <span class='ocrx_word' id='word_1_286' title='bbox 1290 3107 1527 3184; x_wconf 79' lang='lat' dir='ltr'><strong><em>asrm,molitur‚</em></strong></span> <span class='ocrx_word' id='word_1_287' title='bbox 1548 3113 1656 3185; x_wconf 90' lang='lat' dir='ltr'><strong><em>parat,</em></strong></span> 
     </span>
     <span class='ocr_line' id='line_1_29' title="bbox 434 3194 1658 3275; baseline -0.001 -15"><span class='ocrx_word' id='word_1_288' title='bbox 434 3196 568 3275; x_wconf 80' lang='lat' dir='ltr'><strong><em>nibitque</em></strong></span> <span class='ocrx_word' id='word_1_289' title='bbox 582 3200 753 3258; x_wconf 72' lang='lat' dir='ltr'><strong><em>intentatum</em></strong></span> <span class='ocrx_word' id='word_1_290' title='bbox 773 3201 853 3274; x_wconf 87' lang='lat' dir='ltr'><strong><em>sim&#39;t,</em></strong></span> <span class='ocrx_word' id='word_1_291' title='bbox 863 3200 895 3256; x_wconf 90' lang='lat' dir='ltr'><strong><em>at</em></strong></span> <span class='ocrx_word' id='word_1_292' title='bbox 915 3212 1036 3272; x_wconf 78' lang='lat' dir='ltr'><strong><em>reprom</em></strong></span> <span class='ocrx_word' id='word_1_293' title='bbox 1050 3197 1092 3255; x_wconf 89' lang='lat' dir='ltr'><strong><em>ad</em></strong></span> <span class='ocrx_word' id='word_1_294' title='bbox 1108 3194 1264 3259; x_wconf 75' lang='lat' dir='ltr'><strong><em>liemarus</em></strong></span> <span class='ocrx_word' id='word_1_295' title='bbox 1278 3196 1430 3274; x_wconf 85' lang='lat' dir='ltr'><strong><em>devolvat,</em></strong></span> <span class='ocrx_word' id='word_1_296' title='bbox 1451 3202 1495 3259; x_wconf 89' lang='lat' dir='ltr'><strong><em>ita</em></strong></span> <span class='ocrx_word' id='word_1_297' title='bbox 1517 3205 1549 3263; x_wconf 85' lang='lat' dir='ltr'><strong><em>ut</em></strong></span> <span class='ocrx_word' id='word_1_298' title='bbox 1565 3199 1658 3259; x_wconf 76' lang='lat' dir='ltr'><strong><em>Lan-</em></strong></span> 
     </span>
     <span class='ocr_line' id='line_1_30' title="bbox 437 3288 1658 3375; baseline 0.002 -20"><span class='ocrx_word' id='word_1_299' title='bbox 437 3294 535 3371; x_wconf 81' lang='lat' dir='ltr'><strong><em>berpio</em></strong></span> <span class='ocrx_word' id='word_1_300' title='bbox 549 3290 611 3355; x_wconf 91' lang='lat' dir='ltr'><strong><em>sota</em></strong></span> <span class='ocrx_word' id='word_1_301' title='bbox 623 3290 688 3372; x_wconf 86' lang='lat' dir='ltr'><strong><em>ejus</em></strong></span> <span class='ocrx_word' id='word_1_302' title='bbox 701 3298 747 3352; x_wconf 90' lang='lat' dir='ltr'><strong><em>rei</em></strong></span> <span class='ocrx_word' id='word_1_303' title='bbox 757 3297 914 3353; x_wconf 87' lang='lat' dir='ltr'><strong><em>auctoritas</em></strong></span> <span class='ocrx_word' id='word_1_304' title='bbox 929 3290 1034 3350; x_wconf 89' lang='lat' dir='ltr'><strong><em>relicta</em></strong></span> <span class='ocrx_word' id='word_1_305' title='bbox 1046 3288 1189 3351; x_wconf 86' lang='lat' dir='ltr'><strong><em>uideatur.</em></strong></span> <span class='ocrx_word' id='word_1_306' title='bbox 1206 3291 1320 3354; x_wconf 87' lang='lat' dir='ltr'><strong><em>Interea</em></strong></span> <span class='ocrx_word' id='word_1_307' title='bbox 1336 3294 1462 3373; x_wconf 79' lang='lat' dir='ltr'><strong><em>Neapoli</em></strong></span> <span class='ocrx_word' id='word_1_308' title='bbox 1477 3313 1511 3357; x_wconf 89' lang='lat' dir='ltr'><strong><em>eo</em></strong></span> <span class='ocrx_word' id='word_1_309' title='bbox 1525 3314 1573 3358; x_wconf 88' lang='lat' dir='ltr'><strong><em>res</em></strong></span> <span class='ocrx_word' id='word_1_310' title='bbox 1579 3314 1658 3375; x_wconf 87' lang='lat' dir='ltr'><strong><em>pro·</em></strong></span> 
     </span>
     <span class='ocr_line' id='line_1_31' title="bbox 436 3381 1654 3466; baseline 0.003 -21"><span class='ocrx_word' id='word_1_311' title='bbox 436 3383 714 3464; x_wconf 61' lang='lat' dir='ltr'><strong><em>pressuspressus</em></strong></span> <span class='ocrx_word' id='word_1_312' title='bbox 734 3387 966 3461; x_wconf 70' lang='lat' dir='ltr'><strong><em>perdurantem</em></strong></span> <span class='ocrx_word' id='word_1_313' title='bbox 990 3381 1144 3443; x_wconf 59' lang='lat' dir='ltr'><strong><em>&amp;aarum</em></strong></span> <span class='ocrx_word' id='word_1_314' title='bbox 1157 3389 1249 3461; x_wconf 86' lang='lat' dir='ltr'><strong><em>ipsias</em></strong></span> <span class='ocrx_word' id='word_1_315' title='bbox 1271 3392 1348 3446; x_wconf 85' lang='lat' dir='ltr'><strong><em>arcis</em></strong></span> <span class='ocrx_word' id='word_1_316' title='bbox 1371 3392 1486 3462; x_wconf 79' lang='lat' dir='ltr'><strong><em>inperiti</em></strong></span> <span class='ocrx_word' id='word_1_317' title='bbox 1505 3394 1654 3466; x_wconf 84' lang='lat' dir='ltr'><strong><em>prornisso</em></strong></span> 
     </span>
     <span class='ocr_line' id='line_1_32' title="bbox 432 3472 1655 3554; baseline 0.005 -20"><span class='ocrx_word' id='word_1_318' title='bbox 432 3479 541 3552; x_wconf 85' lang='lat' dir='ltr'><strong><em>pretio,</em></strong></span> <span class='ocrx_word' id='word_1_319' title='bbox 556 3474 714 3552; x_wconf 85' lang='lat' dir='ltr'><strong><em>complures</em></strong></span> <span class='ocrx_word' id='word_1_320' title='bbox 728 3473 773 3533; x_wconf 88' lang='lat' dir='ltr'><strong><em>cet</em></strong></span> <span class='ocrx_word' id='word_1_321' title='bbox 787 3473 946 3551; x_wconf 84' lang='lat' dir='ltr'><strong><em>Hispanos,</em></strong></span> <span class='ocrx_word' id='word_1_322' title='bbox 957 3473 1005 3535; x_wconf 88' lang='lat' dir='ltr'><strong><em>oet</em></strong></span> <span class='ocrx_word' id='word_1_323' title='bbox 1019 3472 1154 3550; x_wconf 88' lang='lat' dir='ltr'><strong><em>Hispana</em></strong></span> <span class='ocrx_word' id='word_1_324' title='bbox 1169 3480 1507 3554; x_wconf 77' lang='lat' dir='ltr'><strong><em>oripinepraesidtarios</em></strong></span> <span class='ocrx_word' id='word_1_325' title='bbox 1521 3493 1655 3540; x_wconf 88' lang='lat' dir='ltr'><strong><em>corrum-</em></strong></span> 
     </span>
     <span class='ocr_line' id='line_1_33' title="bbox 434 3565 1657 3649; baseline 0.006 -20"><span class='ocrx_word' id='word_1_326' title='bbox 434 3574 494 3648; x_wconf 91' lang='lat' dir='ltr'><strong><em>pit,</em></strong></span> <span class='ocrx_word' id='word_1_327' title='bbox 510 3575 537 3631; x_wconf 90' lang='lat' dir='ltr'><strong><em>et</em></strong></span> <span class='ocrx_word' id='word_1_328' title='bbox 550 3577 627 3634; x_wconf 89' lang='lat' dir='ltr'><strong><em>arcis</em></strong></span> <span class='ocrx_word' id='word_1_329' title='bbox 634 3571 802 3647; x_wconf 81' lang='lat' dir='ltr'><strong><em>proditione</em></strong></span> <span class='ocrx_word' id='word_1_330' title='bbox 816 3572 1019 3646; x_wconf 72' lang='lat' dir='ltr'><strong><em>depaciscitur.</em></strong></span> <span class='ocrx_word' id='word_1_331' title='bbox 1040 3565 1076 3629; x_wconf 81' lang='lat' dir='ltr'><strong><em>itt</em></strong></span> <span class='ocrx_word' id='word_1_332' title='bbox 1085 3588 1152 3630; x_wconf 86' lang='lat' dir='ltr'><strong><em>aero</em></strong></span> <span class='ocrx_word' id='word_1_333' title='bbox 1165 3570 1320 3649; x_wconf 84' lang='lat' dir='ltr'><strong><em>Prorepcm</em></strong></span> <span class='ocrx_word' id='word_1_334' title='bbox 1333 3573 1401 3634; x_wconf 90' lang='lat' dir='ltr'><strong><em>dent</em></strong></span> <span class='ocrx_word' id='word_1_335' title='bbox 1413 3580 1479 3636; x_wconf 85' lang='lat' dir='ltr'><strong><em>neci</em></strong></span> <span class='ocrx_word' id='word_1_336' title='bbox 1489 3575 1584 3635; x_wconf 90' lang='lat' dir='ltr'><strong><em>locum</em></strong></span> <span class='ocrx_word' id='word_1_337' title='bbox 1597 3590 1657 3636; x_wconf 89' lang='lat' dir='ltr'><strong><em>non</em></strong></span> 
     </span>
     <span class='ocr_line' id='line_1_34' title="bbox 437 3665 1650 3749; baseline 0.002 -21"><span class='ocrx_word' id='word_1_338' title='bbox 437 3665 615 3746; x_wconf 71' lang='lat' dir='ltr'><strong><em>defuturum,</em></strong></span> <span class='ocrx_word' id='word_1_339' title='bbox 625 3668 676 3727; x_wconf 88' lang='lat' dir='ltr'><strong><em>ubi</em></strong></span> <span class='ocrx_word' id='word_1_340' title='bbox 687 3665 848 3747; x_wconf 85' lang='lat' dir='ltr'><strong><em>majestate,</em></strong></span> <span class='ocrx_word' id='word_1_341' title='bbox 863 3684 936 3745; x_wconf 82' lang='lat' dir='ltr'><strong><em>quae</em></strong></span> <span class='ocrx_word' id='word_1_342' title='bbox 950 3670 1014 3728; x_wconf 83' lang='lat' dir='ltr'><strong><em>eum</em></strong></span> <span class='ocrx_word' id='word_1_343' title='bbox 1023 3671 1199 3744; x_wconf 88' lang='lat' dir='ltr'><strong><em>protutetur,</em></strong></span> <span class='ocrx_word' id='word_1_344' title='bbox 1211 3675 1343 3749; x_wconf 79' lang='lat' dir='ltr'><strong><em>eentum,</em></strong></span> <span class='ocrx_word' id='word_1_345' title='bbox 1354 3676 1382 3732; x_wconf 91' lang='lat' dir='ltr'><strong><em>et</em></strong></span> <span class='ocrx_word' id='word_1_346' title='bbox 1388 3690 1512 3749; x_wconf 87' lang='lat' dir='ltr'><strong><em>prorsus</em></strong></span> <span class='ocrx_word' id='word_1_347' title='bbox 1524 3675 1650 3734; x_wconf 87' lang='lat' dir='ltr'><strong><em>incusto-</em></strong></span> 
     </span>
     <span class='ocr_line' id='line_1_35' title="bbox 438 3757 1657 3838; baseline 0.006 -21"><span class='ocrx_word' id='word_1_348' title='bbox 438 3758 530 3817; x_wconf 88' lang='lat' dir='ltr'><strong><em>ditum</em></strong></span> <span class='ocrx_word' id='word_1_349' title='bbox 543 3757 725 3818; x_wconf 76' lang='lat' dir='ltr'><strong><em>adoriantur.</em></strong></span> <span class='ocrx_word' id='word_1_350' title='bbox 745 3758 815 3817; x_wconf 88' lang='lat' dir='ltr'><strong><em>Cum</em></strong></span> <span class='ocrx_word' id='word_1_351' title='bbox 828 3762 920 3836; x_wconf 80' lang='lat' dir='ltr'><strong><em>ipitur</em></strong></span> <span class='ocrx_word' id='word_1_352' title='bbox 933 3759 1065 3821; x_wconf 88' lang='lat' dir='ltr'><strong><em>consiliis</em></strong></span> <span class='ocrx_word' id='word_1_353' title='bbox 1077 3761 1104 3818; x_wconf 92' lang='lat' dir='ltr'><strong><em>et</em></strong></span> <span class='ocrx_word' id='word_1_354' title='bbox 1118 3760 1155 3819; x_wconf 93' lang='lat' dir='ltr'><strong><em>ab</em></strong></span> <span class='ocrx_word' id='word_1_355' title='bbox 1169 3761 1298 3838; x_wconf 86' lang='lat' dir='ltr'><strong><em>Neapoli</em></strong></span> <span class='ocrx_word' id='word_1_356' title='bbox 1309 3766 1337 3821; x_wconf 90' lang='lat' dir='ltr'><strong><em>et</em></strong></span> <span class='ocrx_word' id='word_1_357' title='bbox 1349 3760 1386 3824; x_wconf 90' lang='lat' dir='ltr'><strong><em>ab</em></strong></span> <span class='ocrx_word' id='word_1_358' title='bbox 1400 3762 1493 3823; x_wconf 82' lang='lat' dir='ltr'><strong><em>Bana</em></strong></span> <span class='ocrx_word' id='word_1_359' title='bbox 1504 3762 1581 3824; x_wconf 80' lang='lat' dir='ltr'><strong><em>nibil</em></strong></span> <span class='ocrx_word' id='word_1_360' title='bbox 1594 3765 1657 3824; x_wconf 76' lang='lat' dir='ltr'><strong><em>rusi</em></strong></span> 
     </span>
     <span class='ocr_line' id='line_1_36' title="bbox 438 3849 1655 3932; baseline 0.007 -25"><span class='ocrx_word' id='word_1_361' title='bbox 438 3849 502 3910; x_wconf 84' lang='lat' dir='ltr'><strong><em>sota</em></strong></span> <span class='ocrx_word' id='word_1_362' title='bbox 515 3868 622 3910; x_wconf 86' lang='lat' dir='ltr'><strong><em>manus</em></strong></span> <span class='ocrx_word' id='word_1_363' title='bbox 632 3851 730 3911; x_wconf 87' lang='lat' dir='ltr'><strong><em>deesse</em></strong></span> <span class='ocrx_word' id='word_1_364' title='bbox 738 3850 906 3927; x_wconf 82' lang='lat' dir='ltr'><strong><em>videbatur,</em></strong></span> <span class='ocrx_word' id='word_1_365' title='bbox 917 3849 1066 3928; x_wconf 83' lang='lat' dir='ltr'><strong><em>Jasepbus</em></strong></span> <span class='ocrx_word' id='word_1_366' title='bbox 1079 3854 1224 3932; x_wconf 74' lang='lat' dir='ltr'><strong><em>cappatus</em></strong></span> <span class='ocrx_word' id='word_1_367' title='bbox 1231 3853 1421 3931; x_wconf 73' lang='lat' dir='ltr'><strong><em>perferendis</em></strong></span> <span class='ocrx_word' id='word_1_368' title='bbox 1431 3852 1655 3915; x_wconf 85' lang='lat' dir='ltr'><strong><em>rnandatisido·</em></strong></span> 
     </span>
     <span class='ocr_line' id='line_1_37' title="bbox 437 3946 1659 4029; baseline 0.007 -23"><span class='ocrx_word' id='word_1_369' title='bbox 437 3963 510 4008; x_wconf 82' lang='lat' dir='ltr'><strong><em>ruas</em></strong></span> <span class='ocrx_word' id='word_1_370' title='bbox 519 3952 608 4025; x_wconf 91' lang='lat' dir='ltr'><strong><em>prius</em></strong></span> <span class='ocrx_word' id='word_1_371' title='bbox 627 3946 757 4023; x_wconf 85' lang='lat' dir='ltr'><strong><em>Itomarn,</em></strong></span> <span class='ocrx_word' id='word_1_372' title='bbox 773 3949 923 4008; x_wconf 84' lang='lat' dir='ltr'><strong><em>indacum</em></strong></span> <span class='ocrx_word' id='word_1_373' title='bbox 942 3949 1112 4026; x_wconf 80' lang='lat' dir='ltr'><strong><em>Iamberpii</em></strong></span> <span class='ocrx_word' id='word_1_374' title='bbox 1137 3949 1310 4011; x_wconf 81' lang='lat' dir='ltr'><strong><em>laudatione</em></strong></span> <span class='ocrx_word' id='word_1_375' title='bbox 1330 3954 1470 4013; x_wconf 87' lang='lat' dir='ltr'><strong><em>Viennam</em></strong></span> <span class='ocrx_word' id='word_1_376' title='bbox 1479 3952 1592 4029; x_wconf 82' lang='lat' dir='ltr'><strong><em>perpit,</em></strong></span> <span class='ocrx_word' id='word_1_377' title='bbox 1604 3955 1659 4015; x_wconf 89' lang='lat' dir='ltr'><strong><em>ubi</em></strong></span> 
     </span>
     <span class='ocr_line' id='line_1_38' title="bbox 438 4041 1659 4126; baseline 0.009 -26"><span class='ocrx_word' id='word_1_378' title='bbox 438 4041 480 4100; x_wconf 90' lang='lat' dir='ltr'><strong><em>ad</em></strong></span> <span class='ocrx_word' id='word_1_379' title='bbox 495 4047 645 4106; x_wconf 85' lang='lat' dir='ltr'><strong><em>Caesarem</em></strong></span> <span class='ocrx_word' id='word_1_380' title='bbox 654 4041 755 4103; x_wconf 78' lang='lat' dir='ltr'><strong><em>retulit</em></strong></span> <span class='ocrx_word' id='word_1_381' title='bbox 768 4041 897 4121; x_wconf 86' lang='lat' dir='ltr'><strong><em>nobiles,</em></strong></span> <span class='ocrx_word' id='word_1_382' title='bbox 916 4043 1006 4103; x_wconf 88' lang='lat' dir='ltr'><strong><em>bonos</em></strong></span> <span class='ocrx_word' id='word_1_383' title='bbox 1021 4061 1056 4103; x_wconf 91' lang='lat' dir='ltr'><strong><em>ac</em></strong></span> <span class='ocrx_word' id='word_1_384' title='bbox 1069 4043 1163 4122; x_wconf 75' lang='lat' dir='ltr'><strong><em>sortcs</em></strong></span> <span class='ocrx_word' id='word_1_385' title='bbox 1176 4048 1257 4107; x_wconf 86' lang='lat' dir='ltr'><strong><em>uiros</em></strong></span> <span class='ocrx_word' id='word_1_386' title='bbox 1272 4045 1309 4106; x_wconf 90' lang='lat' dir='ltr'><strong><em>ab</em></strong></span> <span class='ocrx_word' id='word_1_387' title='bbox 1319 4044 1452 4107; x_wconf 85' lang='lat' dir='ltr'><strong><em>aduersis</em></strong></span> <span class='ocrx_word' id='word_1_388' title='bbox 1466 4052 1624 4126; x_wconf 69' lang='lat' dir='ltr'><strong><em>oneratos,</em></strong></span> <span class='ocrx_word' id='word_1_389' title='bbox 1638 4069 1659 4111; x_wconf 90' lang='lat' dir='ltr'><strong><em>a</em></strong></span> 
     </span>
     <span class='ocr_line' id='line_1_39' title="bbox 436 4131 1658 4214; baseline 0.007 -25"><span class='ocrx_word' id='word_1_390' title='bbox 436 4137 590 4208; x_wconf 84' lang='lat' dir='ltr'><strong><em>prosperis</em></strong></span> <span class='ocrx_word' id='word_1_391' title='bbox 603 4150 661 4193; x_wconf 91' lang='lat' dir='ltr'><strong><em>non</em></strong></span> <span class='ocrx_word' id='word_1_392' title='bbox 674 4136 843 4209; x_wconf 86' lang='lat' dir='ltr'><strong><em>occupatos,</em></strong></span> <span class='ocrx_word' id='word_1_393' title='bbox 861 4131 959 4192; x_wconf 86' lang='lat' dir='ltr'><strong><em>Caroli</em></strong></span> <span class='ocrx_word' id='word_1_394' title='bbox 972 4149 1104 4210; x_wconf 82' lang='lat' dir='ltr'><strong><em>rcpnum,</em></strong></span> <span class='ocrx_word' id='word_1_395' title='bbox 1113 4151 1203 4211; x_wconf 85' lang='lat' dir='ltr'><strong><em>quam</em></strong></span> <span class='ocrx_word' id='word_1_396' title='bbox 1213 4135 1350 4214; x_wconf 73' lang='lat' dir='ltr'><strong><em>Philippi</em></strong></span> <span class='ocrx_word' id='word_1_397' title='bbox 1358 4136 1461 4196; x_wconf 86' lang='lat' dir='ltr'><strong><em>malle:</em></strong></span> <span class='ocrx_word' id='word_1_398' title='bbox 1467 4154 1582 4214; x_wconf 75' lang='lat' dir='ltr'><strong><em>paitcos</em></strong></span> <span class='ocrx_word' id='word_1_399' title='bbox 1593 4153 1658 4198; x_wconf 86' lang='lat' dir='ltr'><strong><em>ma·</em></strong></span> 
     </span>
     <span class='ocr_line' id='line_1_40' title="bbox 438 4225 1659 4311; baseline 0.01 -27"><span class='ocrx_word' id='word_1_400' title='bbox 438 4225 534 4286; x_wconf 85' lang='lat' dir='ltr'><strong><em>torum</em></strong></span> <span class='ocrx_word' id='word_1_401' title='bbox 547 4229 728 4304; x_wconf 78' lang='lat' dir='ltr'><strong><em>inceperies,</em></strong></span> <span class='ocrx_word' id='word_1_402' title='bbox 741 4242 864 4307; x_wconf 81' lang='lat' dir='ltr'><strong><em>quaum</em></strong></span> <span class='ocrx_word' id='word_1_403' title='bbox 877 4232 992 4288; x_wconf 77' lang='lat' dir='ltr'><strong><em>ammos</em></strong></span> <span class='ocrx_word' id='word_1_404' title='bbox 1006 4227 1101 4290; x_wconf 81' lang='lat' dir='ltr'><strong><em>breuis</em></strong></span> <span class='ocrx_word' id='word_1_405' title='bbox 1116 4229 1254 4310; x_wconf 74' lang='lat' dir='ltr'><strong><em>Philippi</em></strong></span> <span class='ocrx_word' id='word_1_406' title='bbox 1263 4237 1375 4311; x_wconf 82' lang='lat' dir='ltr'><strong><em>pratia,</em></strong></span> <span class='ocrx_word' id='word_1_407' title='bbox 1384 4232 1535 4294; x_wconf 85' lang='lat' dir='ltr'><strong><em>Ludacici</em></strong></span> <span class='ocrx_word' id='word_1_408' title='bbox 1547 4232 1659 4296; x_wconf 87' lang='lat' dir='ltr'><strong><em>Lacer-</em></strong></span> 
     </span>
     <span class='ocr_line' id='line_1_41' title="bbox 438 4320 1660 4410; baseline 0.006 -27"><span class='ocrx_word' id='word_1_409' title='bbox 438 4323 495 4383; x_wconf 88' lang='lat' dir='ltr'><strong><em>dae</em></strong></span> <span class='ocrx_word' id='word_1_410' title='bbox 507 4320 620 4381; x_wconf 81' lang='lat' dir='ltr'><strong><em>breuior</em></strong></span> <span class='ocrx_word' id='word_1_411' title='bbox 633 4328 833 4401; x_wconf 86' lang='lat' dir='ltr'><strong><em>persuaserat,</em></strong></span> <span class='ocrx_word' id='word_1_412' title='bbox 842 4341 929 4402; x_wconf 85' lang='lat' dir='ltr'><strong><em>posse</em></strong></span> <span class='ocrx_word' id='word_1_413' title='bbox 952 4324 1073 4404; x_wconf 82' lang='lat' dir='ltr'><strong><em>quietern</em></strong></span> <span class='ocrx_word' id='word_1_414' title='bbox 1088 4326 1233 4405; x_wconf 87' lang='lat' dir='ltr'><strong><em>Hispanis</em></strong></span> <span class='ocrx_word' id='word_1_415' title='bbox 1248 4329 1422 4406; x_wconf 87' lang='lat' dir='ltr'><strong><em>libertatern,</em></strong></span> <span class='ocrx_word' id='word_1_416' title='bbox 1440 4348 1498 4390; x_wconf 90' lang='lat' dir='ltr'><strong><em>non</em></strong></span> <span class='ocrx_word' id='word_1_417' title='bbox 1511 4334 1582 4390; x_wconf 85' lang='lat' dir='ltr'><strong><em>itern</em></strong></span> <span class='ocrx_word' id='word_1_418' title='bbox 1593 4330 1660 4410; x_wconf 78' lang='lat' dir='ltr'><strong><em>sor·</em></strong></span> 
     </span>
     <span class='ocr_line' id='line_1_42' title="bbox 438 4420 1662 4504; baseline 0.007 -25"><span class='ocrx_word' id='word_1_419' title='bbox 438 4425 538 4493; x_wconf 85' lang='lat' dir='ltr'><strong><em>tonas,</em></strong></span> <span class='ocrx_word' id='word_1_420' title='bbox 552 4420 579 4477; x_wconf 92' lang='lat' dir='ltr'><strong><em>et</em></strong></span> <span class='ocrx_word' id='word_1_421' title='bbox 593 4423 707 4482; x_wconf 84' lang='lat' dir='ltr'><strong><em>animos</em></strong></span> <span class='ocrx_word' id='word_1_422' title='bbox 718 4420 893 4499; x_wconf 72' lang='lat' dir='ltr'><strong><em>protificari.</em></strong></span> <span class='ocrx_word' id='word_1_423' title='bbox 911 4425 1013 4487; x_wconf 82' lang='lat' dir='ltr'><strong><em>cetera</em></strong></span> <span class='ocrx_word' id='word_1_424' title='bbox 1022 4427 1151 4484; x_wconf 73' lang='lat' dir='ltr'><strong><em>mnium</em></strong></span> <span class='ocrx_word' id='word_1_425' title='bbox 1163 4428 1277 4484; x_wconf 82' lang='lat' dir='ltr'><strong><em>oninros</em></strong></span> <span class='ocrx_word' id='word_1_426' title='bbox 1286 4444 1306 4484; x_wconf 93' lang='lat' dir='ltr'><strong><em>o</em></strong></span> <span class='ocrx_word' id='word_1_427' title='bbox 1316 4424 1454 4504; x_wconf 86' lang='lat' dir='ltr'><strong><em>Pbitippo</em></strong></span> <span class='ocrx_word' id='word_1_428' title='bbox 1466 4425 1508 4485; x_wconf 88' lang='lat' dir='ltr'><strong><em>ad</em></strong></span> <span class='ocrx_word' id='word_1_429' title='bbox 1518 4427 1662 4490; x_wconf 87' lang='lat' dir='ltr'><strong><em>Carolurn</em></strong></span> 
     </span>
     <span class='ocr_line' id='line_1_43' title="bbox 407 4510 1660 4602; baseline 0.013 -36"><span class='ocrx_word' id='word_1_430' title='bbox 407 4547 415 4558; x_wconf 85' lang='lat'>-</span> <span class='ocrx_word' id='word_1_431' title='bbox 437 4525 554 4568; x_wconf 84' lang='lat' dir='ltr'><strong><em>aversos</em></strong></span> <span class='ocrx_word' id='word_1_432' title='bbox 576 4526 650 4585; x_wconf 88' lang='lat' dir='ltr'><strong><em>csse,</em></strong></span> <span class='ocrx_word' id='word_1_433' title='bbox 668 4516 695 4570; x_wconf 93' lang='lat' dir='ltr'><strong><em>et</em></strong></span> <span class='ocrx_word' id='word_1_434' title='bbox 710 4512 858 4589; x_wconf 83' lang='lat' dir='ltr'><strong><em>Hispanas</em></strong></span> <span class='ocrx_word' id='word_1_435' title='bbox 871 4516 951 4589; x_wconf 90' lang='lat' dir='ltr'><strong><em>ipsos</em></strong></span> <span class='ocrx_word' id='word_1_436' title='bbox 962 4518 1129 4590; x_wconf 85' lang='lat' dir='ltr'><strong><em>principem</em></strong></span> <span class='ocrx_word' id='word_1_437' title='bbox 1144 4515 1225 4576; x_wconf 88' lang='lat' dir='ltr'><strong><em>urbis</em></strong></span> <span class='ocrx_word' id='word_1_438' title='bbox 1238 4533 1334 4576; x_wconf 87' lang='lat' dir='ltr'><strong><em>arcem</em></strong></span> <span class='ocrx_word' id='word_1_439' title='bbox 1358 4510 1509 4578; x_wconf 87' lang='lat' dir='ltr'><strong><em>dedituros</em></strong></span> <span class='ocrx_word' id='word_1_440' title='bbox 1517 4540 1530 4591; x_wconf 87' lang='lat'><strong><em>,·</em></strong></span> <span class='ocrx_word' id='word_1_441' title='bbox 1545 4525 1574 4581; x_wconf 86' lang='lat' dir='ltr'><strong><em>si</em></strong></span> <span class='ocrx_word' id='word_1_442' title='bbox 1594 4519 1660 4602; x_wconf 83' lang='lat' dir='ltr'><strong><em>ejus</em></strong></span> 
     </span>
     <span class='ocr_line' id='line_1_44' title="bbox 437 4608 1660 4692; baseline 0.009 -28"><span class='ocrx_word' id='word_1_443' title='bbox 437 4611 536 4682; x_wconf 81' lang='lat' dir='ltr'><strong><em>sipno,</em></strong></span> <span class='ocrx_word' id='word_1_444' title='bbox 553 4611 581 4666; x_wconf 92' lang='lat' dir='ltr'><strong><em>si</em></strong></span> <span class='ocrx_word' id='word_1_445' title='bbox 594 4611 692 4668; x_wconf 87' lang='lat' dir='ltr'><strong><em>castra</em></strong></span> <span class='ocrx_word' id='word_1_446' title='bbox 705 4613 738 4667; x_wconf 88' lang='lat' dir='ltr'><strong><em>in</em></strong></span> <span class='ocrx_word' id='word_1_447' title='bbox 747 4615 830 4688; x_wconf 77' lang='lat' dir='ltr'><strong><em>repni</em></strong></span> <span class='ocrx_word' id='word_1_448' title='bbox 836 4609 947 4685; x_wconf 80' lang='lat' dir='ltr'><strong><em>fim&#39;bus</em></strong></span> <span class='ocrx_word' id='word_1_449' title='bbox 960 4615 1039 4687; x_wconf 87' lang='lat' dir='ltr'><strong><em>aisa,</em></strong></span> <span class='ocrx_word' id='word_1_450' title='bbox 1049 4608 1134 4673; x_wconf 90' lang='lat' dir='ltr'><strong><em>baud</em></strong></span> <span class='ocrx_word' id='word_1_451' title='bbox 1139 4612 1207 4673; x_wconf 90' lang='lat' dir='ltr'><strong><em>utto</em></strong></span> <span class='ocrx_word' id='word_1_452' title='bbox 1216 4617 1412 4674; x_wconf 86' lang='lat' dir='ltr'><strong><em>intercessura</em></strong></span> <span class='ocrx_word' id='word_1_453' title='bbox 1420 4630 1516 4691; x_wconf 81' lang='lat' dir='ltr'><strong><em>nmra,</em></strong></span> <span class='ocrx_word' id='word_1_454' title='bbox 1530 4620 1606 4692; x_wconf 85' lang='lat' dir='ltr'><strong><em>quin</em></strong></span> <span class='ocrx_word' id='word_1_455' title='bbox 1616 4621 1660 4676; x_wconf 92' lang='lat' dir='ltr'><strong><em>ta·</em></strong></span> 
     </span>
    </p>
   </div>
   <div class='ocr_carea' id='block_1_2' title="bbox 437 4695 1662 4786">
    <p class='ocr_par' dir='ltr' id='par_1_2' title="bbox 437 4695 1662 4786">
     <span class='ocr_line' id='line_1_45' title="bbox 437 4695 1662 4786; baseline 0.017 -33"><span class='ocrx_word' id='word_1_456' title='bbox 437 4701 497 4754; x_wconf 78' lang='lat' dir='ltr'><strong><em>tani</em></strong></span> <span class='ocrx_word' id='word_1_457' title='bbox 513 4696 643 4772; x_wconf 79' lang='lat' dir='ltr'><strong><em>Itepnurn</em></strong></span> <span class='ocrx_word' id='word_1_458' title='bbox 667 4695 795 4760; x_wconf 87' lang='lat' dir='ltr'><strong><em>dedatur</em></strong></span> <span class='ocrx_word' id='word_1_459' title='bbox 799 4721 812 4771; x_wconf 89' lang='lat'><strong><em>,·</em></strong></span> <span class='ocrx_word' id='word_1_460' title='bbox 825 4705 904 4761; x_wconf 89' lang='lat' dir='ltr'><strong><em>onmi</em></strong></span> <span class='ocrx_word' id='word_1_461' title='bbox 914 4717 1041 4777; x_wconf 86' lang='lat' dir='ltr'><strong><em>prorsus</em></strong></span> <span class='ocrx_word' id='word_1_462' title='bbox 1065 4706 1212 4780; x_wconf 89' lang='lat' dir='ltr'><strong><em>imparata</em></strong></span> <span class='ocrx_word' id='word_1_463' title='bbox 1234 4704 1393 4783; x_wconf 79' lang='lat' dir='ltr'><strong><em>republica,</em></strong></span> <span class='ocrx_word' id='word_1_464' title='bbox 1404 4704 1478 4782; x_wconf 76' lang='lat' dir='ltr'><strong><em>fines</em></strong></span> <span class='ocrx_word' id='word_1_465' title='bbox 1494 4706 1662 4786; x_wconf 82' lang='lat' dir='ltr'><strong><em>irruptibni</em></strong></span> 
     </span>
    </p>
   </div>
   <div class='ocr_carea' id='block_1_3' title="bbox 0 0 1989 5592">
    <p class='ocr_par' dir='ltr' id='par_1_3' title="bbox 0 0 1989 5592">
     <span class='ocr_line' id='line_1_46' title="bbox 0 0 1989 5592; baseline 0 0"><span class='ocrx_word' id='word_1_466' title='bbox 0 0 1989 5592; x_wconf 95' lang='lat' dir='ltr'><strong><em> </em></strong></span> 
     </span>
    </p>
   </div>
  </div>
 </body>
</html>
