<?xml version="1.0" encoding="UTF-8"?>
<!DOCTYPE html PUBLIC "-//W3C//DTD XHTML 1.0 Transitional//EN"
    "http://www.w3.org/TR/xhtml1/DTD/xhtml1-transitional.dtd">
<html xmlns="http://www.w3.org/1999/xhtml" xml:lang="en" lang="en">
 <head>
  <title>
</title>
<meta http-equiv="Content-Type" content="text/html;charset=utf-8" />
  <meta name='ocr-system' content='tesseract 3.04.00' />
  <meta name='ocr-capabilities' content='ocr_page ocr_carea ocr_par ocr_line ocrx_word'/>
</head>
<body>
  <div class='ocr_page' id='page_1' title='image "./operedigiambatt01ferrgoog_0519.png"; bbox 0 0 3942 5592; ppageno 0'>
   <div class='ocr_carea' id='block_1_1' title="bbox 727 656 1380 751">
    <p class='ocr_par' dir='ltr' id='par_1_1' title="bbox 727 656 1380 751">
     <span class='ocr_line' id='line_1_1' title="bbox 727 656 1380 751; baseline -0.011 0"><span class='ocrx_word' id='word_1_1' title='bbox 727 690 732 697; x_wconf 80' lang='lat'>‘</span> <span class='ocrx_word' id='word_1_2' title='bbox 762 701 805 751; x_wconf 81' lang='lat' dir='ltr'>na</span> <span class='ocrx_word' id='word_1_3' title='bbox 819 697 947 751; x_wconf 82' lang='lat' dir='ltr'>rronnrs</span> <span class='ocrx_word' id='word_1_4' title='bbox 957 698 1163 751; x_wconf 68' lang='lat' dir='ltr'>rcnonnur</span> <span class='ocrx_word' id='word_1_5' title='bbox 1177 700 1277 749; x_wconf 80' lang='lat' dir='ltr'>vaaro</span> <span class='ocrx_word' id='word_1_6' title='bbox 1286 656 1380 751; x_wconf 68' lang='lat' dir='ltr'>coen.</span> 
     </span>
    </p>
   </div>
   <div class='ocr_carea' id='block_1_2' title="bbox 467 854 1669 1657">
    <p class='ocr_par' dir='ltr' id='par_1_2' title="bbox 512 854 1433 1097">
     <span class='ocr_line' id='line_1_2' title="bbox 512 854 1433 937; baseline -0.009 -19"><span class='ocrx_word' id='word_1_7' title='bbox 512 857 687 937; x_wconf 76' lang='lat' dir='ltr'>Polppioloa</span> <span class='ocrx_word' id='word_1_8' title='bbox 700 859 742 917; x_wconf 81' lang='lat' dir='ltr'>eri</span> <span class='ocrx_word' id='word_1_9' title='bbox 755 873 822 916; x_wconf 83' lang='lat' dir='ltr'>cnm</span> <span class='ocrx_word' id='word_1_10' title='bbox 834 854 913 915; x_wconf 86' lang='lat' dir='ltr'>idem</span> <span class='ocrx_word' id='word_1_11' title='bbox 925 854 1055 930; x_wconf 69' lang='lat' dir='ltr'>vobim,</span> <span class='ocrx_word' id='word_1_12' title='bbox 1075 858 1190 914; x_wconf 63' lang='lat' dir='ltr'>concio</span> <span class='ocrx_word' id='word_1_13' title='bbox 1203 871 1285 932; x_wconf 81' lang='lat' dir='ltr'>carn,</span> <span class='ocrx_word' id='word_1_14' title='bbox 1296 858 1433 935; x_wconf 73' lang='lat' dir='ltr'>portitor.-</span> 
     </span>
     <span class='ocr_line' id='line_1_3' title="bbox 551 931 1295 1010; baseline -0.003 -13"><span class='ocrx_word' id='word_1_15' title='bbox 551 935 654 998; x_wconf 89' lang='lat' dir='ltr'>Lilora</span> <span class='ocrx_word' id='word_1_16' title='bbox 668 935 809 1000; x_wconf 73' lang='lat' dir='ltr'>litoribus</span> <span class='ocrx_word' id='word_1_17' title='bbox 825 934 989 1010; x_wconf 81' lang='lat' dir='ltr'>contraria,</span> <span class='ocrx_word' id='word_1_18' title='bbox 1004 931 1151 996; x_wconf 82' lang='lat' dir='ltr'>ssuciibus</span> <span class='ocrx_word' id='word_1_19' title='bbox 1165 932 1263 996; x_wconf 86' lang='lat' dir='ltr'>undas</span> <span class='ocrx_word' id='word_1_20' title='bbox 1293 978 1295 984; x_wconf 82' lang='lat'>-</span> 
     </span>
     <span class='ocr_line' id='line_1_4' title="bbox 550 1012 1370 1097; baseline -0.007 -19"><span class='ocrx_word' id='word_1_21' title='bbox 550 1016 716 1096; x_wconf 75' lang='lat' dir='ltr'>lmprecor‚</span> <span class='ocrx_word' id='word_1_22' title='bbox 731 1033 817 1078; x_wconf 87' lang='lat' dir='ltr'>arma</span> <span class='ocrx_word' id='word_1_23' title='bbox 831 1012 936 1084; x_wconf 86' lang='lat' dir='ltr'>armis,</span> <span class='ocrx_word' id='word_1_24' title='bbox 952 1020 1094 1095; x_wconf 79' lang='lat' dir='ltr'>pugnent</span> <span class='ocrx_word' id='word_1_25' title='bbox 1107 1013 1223 1095; x_wconf 83' lang='lat' dir='ltr'>ipsique</span> <span class='ocrx_word' id='word_1_26' title='bbox 1236 1022 1370 1097; x_wconf 79' lang='lat' dir='ltr'><strong>nepotes.</strong></span> 
     </span>
    </p>

    <p class='ocr_par' dir='ltr' id='par_1_3' title="bbox 508 1095 1004 1160">
     <span class='ocr_line' id='line_1_5' title="bbox 508 1095 1004 1160; baseline -0.014 0"><span class='ocrx_word' id='word_1_27' title='bbox 508 1098 548 1160; x_wconf 78' lang='lat' dir='ltr'>Ei</span> <span class='ocrx_word' id='word_1_28' title='bbox 559 1100 672 1160; x_wconf 81' lang='lat' dir='ltr'>Slolr&#39;ris</span> <span class='ocrx_word' id='word_1_29' title='bbox 685 1102 828 1158; x_wconf 75' lang='lat' dir='ltr'>reorterio</span> <span class='ocrx_word' id='word_1_30' title='bbox 845 1095 1004 1157; x_wconf 75' lang='lat' dir='ltr'>Thebaide.-</span> 
     </span>
    </p>

    <p class='ocr_par' dir='ltr' id='par_1_4' title="bbox 547 1171 1333 1335">
     <span class='ocr_line' id='line_1_6' title="bbox 547 1171 1333 1256; baseline -0.005 -18"><span class='ocrx_word' id='word_1_31' title='bbox 547 1177 617 1238; x_wconf 89' lang='lat' dir='ltr'>Jarn</span> <span class='ocrx_word' id='word_1_32' title='bbox 632 1177 755 1256; x_wconf 78' lang='lat' dir='ltr'><strong>clypeus</strong></span> <span class='ocrx_word' id='word_1_33' title='bbox 768 1175 893 1256; x_wconf 58' lang='lat' dir='ltr'>clppeie</span> <span class='ocrx_word' id='word_1_34' title='bbox 908 1175 1040 1238; x_wconf 85' lang='lat' dir='ltr'>umbone</span> <span class='ocrx_word' id='word_1_35' title='bbox 1053 1172 1210 1253; x_wconf 74' lang='lat' dir='ltr'>repellitur</span> <span class='ocrx_word' id='word_1_36' title='bbox 1225 1171 1333 1250; x_wconf 86' lang='lat' dir='ltr'>umbo,</span> 
     </span>
     <span class='ocr_line' id='line_1_7' title="bbox 547 1253 1320 1335; baseline -0.004 -20"><span class='ocrx_word' id='word_1_37' title='bbox 547 1255 625 1318; x_wconf 84' lang='lat' dir='ltr'>llnse</span> <span class='ocrx_word' id='word_1_38' title='bbox 640 1258 848 1332; x_wconf 67' lang='lat' dir='ltr'>annaneane,</span> <span class='ocrx_word' id='word_1_39' title='bbox 862 1254 937 1333; x_wconf 87' lang='lat' dir='ltr'>pede</span> <span class='ocrx_word' id='word_1_40' title='bbox 952 1273 1015 1334; x_wconf 86' lang='lat' dir='ltr'>pes,</span> <span class='ocrx_word' id='word_1_41' title='bbox 1029 1260 1061 1316; x_wconf 86' lang='lat' dir='ltr'>el</span> <span class='ocrx_word' id='word_1_42' title='bbox 1075 1253 1197 1335; x_wconf 80' lang='lat' dir='ltr'>cuspide</span> <span class='ocrx_word' id='word_1_43' title='bbox 1210 1253 1320 1335; x_wconf 85' lang='lat' dir='ltr'>cuspis.</span> 
     </span>
    </p>

    <p class='ocr_par' dir='ltr' id='par_1_5' title="bbox 467 1333 1669 1657">
     <span class='ocr_line' id='line_1_8' title="bbox 514 1333 1669 1414; baseline -0.001 -18"><span class='ocrx_word' id='word_1_44' title='bbox 514 1337 614 1398; x_wconf 84' lang='lat' dir='ltr'>Cicero</span> <span class='ocrx_word' id='word_1_45' title='bbox 621 1352 680 1414; x_wconf 87' lang='lat' dir='ltr'>pro</span> <span class='ocrx_word' id='word_1_46' title='bbox 696 1334 811 1398; x_wconf 82' lang='lat' dir='ltr'>Coelio.-</span> <span class='ocrx_word' id='word_1_47' title='bbox 827 1357 843 1393; x_wconf 78' lang='lat' dir='ltr'>a</span> <span class='ocrx_word' id='word_1_48' title='bbox 859 1338 1050 1407; x_wconf 72' lang='lat' dir='ltr'>Bascama,</span> <span class='ocrx_word' id='word_1_49' title='bbox 1065 1352 1156 1396; x_wconf 80' lang='lat' dir='ltr'>conso</span> <span class='ocrx_word' id='word_1_50' title='bbox 1169 1350 1236 1394; x_wconf 83' lang='lat' dir='ltr'>com</span> <span class='ocrx_word' id='word_1_51' title='bbox 1249 1350 1342 1394; x_wconf 83' lang='lat' dir='ltr'>conso</span> <span class='ocrx_word' id='word_1_52' title='bbox 1354 1376 1364 1410; x_wconf 86' lang='lat'>,</span> <span class='ocrx_word' id='word_1_53' title='bbox 1378 1333 1457 1394; x_wconf 84' lang='lat' dir='ltr'>roiio</span> <span class='ocrx_word' id='word_1_54' title='bbox 1470 1351 1539 1396; x_wconf 80' lang='lat' dir='ltr'>com</span> <span class='ocrx_word' id='word_1_55' title='bbox 1553 1336 1669 1395; x_wconf 77' lang='lat' dir='ltr'>ratione</span> 
     </span>
     <span class='ocr_line' id='line_1_9' title="bbox 467 1413 1668 1495; baseline -0.003 -19"><span class='ocrx_word' id='word_1_56' title='bbox 467 1417 624 1495; x_wconf 80' lang='lat' dir='ltr'>pupnabii.</span> <span class='ocrx_word' id='word_1_57' title='bbox 642 1435 658 1470; x_wconf 75' lang='lat' dir='ltr'>n</span> <span class='ocrx_word' id='word_1_58' title='bbox 674 1418 713 1480; x_wconf 82' lang='lat' dir='ltr'>Ei</span> <span class='ocrx_word' id='word_1_59' title='bbox 731 1416 853 1477; x_wconf 83' lang='lat' dir='ltr'>Verrino</span> <span class='ocrx_word' id='word_1_60' title='bbox 866 1419 1003 1494; x_wconf 76' lang='lat' dir='ltr'>septimo:</span> <span class='ocrx_word' id='word_1_61' title='bbox 1019 1436 1035 1471; x_wconf 81' lang='lat' dir='ltr'>o</span> <span class='ocrx_word' id='word_1_62' title='bbox 1055 1417 1156 1476; x_wconf 77' lang='lat' dir='ltr'>Corios</span> <span class='ocrx_word' id='word_1_63' title='bbox 1170 1415 1251 1477; x_wconf 77' lang='lat' dir='ltr'>locos</span> <span class='ocrx_word' id='word_1_64' title='bbox 1261 1457 1270 1491; x_wconf 81' lang='lat'>,</span> <span class='ocrx_word' id='word_1_65' title='bbox 1282 1419 1361 1474; x_wconf 80' lang='lat' dir='ltr'>certo</span> <span class='ocrx_word' id='word_1_66' title='bbox 1374 1415 1438 1494; x_wconf 71' lang='lat' dir='ltr'>leo,</span> <span class='ocrx_word' id='word_1_67' title='bbox 1451 1420 1562 1476; x_wconf 81' lang='lat' dir='ltr'>cerium</span> <span class='ocrx_word' id='word_1_68' title='bbox 1574 1413 1668 1473; x_wconf 78' lang='lat' dir='ltr'>iribo·</span> 
     </span>
     <span class='ocr_line' id='line_1_10' title="bbox 472 1494 1669 1575; baseline -0.003 -18"><span class='ocrx_word' id='word_1_69' title='bbox 472 1498 526 1557; x_wconf 78' lang='lat' dir='ltr'>ool</span> <span class='ocrx_word' id='word_1_70' title='bbox 538 1516 565 1558; x_wconf 73' lang='lat' dir='ltr'>a.</span> <span class='ocrx_word' id='word_1_71' title='bbox 581 1498 620 1560; x_wconf 80' lang='lat' dir='ltr'>Ei</span> <span class='ocrx_word' id='word_1_72' title='bbox 628 1513 688 1574; x_wconf 79' lang='lat' dir='ltr'>pro</span> <span class='ocrx_word' id='word_1_73' title='bbox 700 1496 823 1558; x_wconf 72' lang='lat' dir='ltr'>Archia:</span> <span class='ocrx_word' id='word_1_74' title='bbox 840 1516 856 1553; x_wconf 72' lang='grc' dir='ltr'>ι</span> <span class='ocrx_word' id='word_1_75' title='bbox 874 1499 935 1559; x_wconf 81' lang='lat' dir='ltr'>Seri</span> <span class='ocrx_word' id='word_1_76' title='bbox 944 1495 1024 1575; x_wconf 78' lang='lat' dir='ltr'>pleni</span> <span class='ocrx_word' id='word_1_77' title='bbox 1037 1499 1104 1557; x_wconf 78' lang='lat' dir='ltr'>roni</span> <span class='ocrx_word' id='word_1_78' title='bbox 1114 1511 1212 1558; x_wconf 82' lang='lat' dir='ltr'>omnes</span> <span class='ocrx_word' id='word_1_79' title='bbox 1226 1495 1305 1574; x_wconf 76' lang='lat' dir='ltr'>iibri,</span> <span class='ocrx_word' id='word_1_80' title='bbox 1319 1494 1426 1572; x_wconf 81' lang='lat' dir='ltr'>plenae</span> <span class='ocrx_word' id='word_1_81' title='bbox 1438 1500 1605 1574; x_wconf 73' lang='lat' dir='ltr'>sapieniam</span> <span class='ocrx_word' id='word_1_82' title='bbox 1617 1511 1669 1554; x_wconf 86' lang='lat' dir='ltr'>oo·</span> 
     </span>
     <span class='ocr_line' id='line_1_11' title="bbox 470 1576 998 1657; baseline 0 -22"><span class='ocrx_word' id='word_1_83' title='bbox 470 1595 530 1657; x_wconf 85' lang='lat' dir='ltr'>cer,</span> <span class='ocrx_word' id='word_1_84' title='bbox 537 1577 629 1655; x_wconf 79' lang='lat' dir='ltr'>picco</span> <span class='ocrx_word' id='word_1_85' title='bbox 646 1576 846 1655; x_wconf 75' lang='lat' dir='ltr'>exemplorum</span> <span class='ocrx_word' id='word_1_86' title='bbox 859 1580 998 1637; x_wconf 72' lang='lat' dir='ltr'>veturiae.</span> 
     </span>
    </p>
   </div>
   <div class='ocr_carea' id='block_1_3' title="bbox 752 1736 1382 1789">
    <p class='ocr_par' dir='ltr' id='par_1_6' title="bbox 752 1736 1382 1789">
     <span class='ocr_line' id='line_1_12' title="bbox 752 1736 1382 1789; baseline -0.008 -1"><span class='ocrx_word' id='word_1_87' title='bbox 752 1738 794 1788; x_wconf 82' lang='lat' dir='ltr'>DE</span> <span class='ocrx_word' id='word_1_88' title='bbox 814 1738 939 1789; x_wconf 72' lang='lat' dir='ltr'>risonis</span> <span class='ocrx_word' id='word_1_89' title='bbox 954 1736 1159 1786; x_wconf 73' lang='lat' dir='ltr'>VERBORUMA</span> <span class='ocrx_word' id='word_1_90' title='bbox 1177 1737 1261 1788; x_wconf 89' lang='lat' dir='ltr'>SONO</span> <span class='ocrx_word' id='word_1_91' title='bbox 1274 1737 1382 1787; x_wconf 79' lang='lat' dir='ltr'>sllllll.</span> 
     </span>
    </p>
   </div>
   <div class='ocr_carea' id='block_1_4' title="bbox 405 1880 1671 2842">
    <p class='ocr_par' dir='ltr' id='par_1_7' title="bbox 405 1880 1671 2842">
     <span class='ocr_line' id='line_1_13' title="bbox 511 1880 1669 1948; baseline -0.002 -3"><span class='ocrx_word' id='word_1_92' title='bbox 511 1883 724 1947; x_wconf 77' lang='lat' dir='ltr'>Paraclcmerron</span> <span class='ocrx_word' id='word_1_93' title='bbox 738 1889 780 1948; x_wconf 83' lang='lat' dir='ltr'>eri</span> <span class='ocrx_word' id='word_1_94' title='bbox 790 1883 869 1944; x_wconf 79' lang='lat' dir='ltr'>ilici</span> <span class='ocrx_word' id='word_1_95' title='bbox 886 1885 1035 1944; x_wconf 77' lang='lat' dir='ltr'>Ciceronis</span> <span class='ocrx_word' id='word_1_96' title='bbox 1048 1888 1083 1942; x_wconf 82' lang='lat' dir='ltr'>in</span> <span class='ocrx_word' id='word_1_97' title='bbox 1096 1880 1209 1944; x_wconf 81' lang='lat' dir='ltr'>laelio:</span> <span class='ocrx_word' id='word_1_98' title='bbox 1227 1904 1242 1938; x_wconf 77' lang='lat' dir='ltr'>r</span> <span class='ocrx_word' id='word_1_99' title='bbox 1256 1882 1315 1946; x_wconf 82' lang='lat' dir='ltr'>Sed</span> <span class='ocrx_word' id='word_1_100' title='bbox 1320 1887 1352 1944; x_wconf 81' lang='lat' dir='ltr'>ui</span> <span class='ocrx_word' id='word_1_101' title='bbox 1368 1883 1409 1944; x_wconf 88' lang='lat' dir='ltr'>od</span> <span class='ocrx_word' id='word_1_102' title='bbox 1420 1896 1516 1943; x_wconf 74' lang='lat' dir='ltr'>senon</span> <span class='ocrx_word' id='word_1_103' title='bbox 1527 1898 1618 1944; x_wconf 76' lang='lat' dir='ltr'>senex</span> <span class='ocrx_word' id='word_1_104' title='bbox 1632 1882 1669 1943; x_wconf 83' lang='lat' dir='ltr'>de</span> 
     </span>
     <span class='ocr_line' id='line_1_14' title="bbox 468 1964 1627 2044; baseline -0.007 -17"><span class='ocrx_word' id='word_1_105' title='bbox 468 1970 622 2044; x_wconf 79' lang='lat' dir='ltr'>seneciole,</span> <span class='ocrx_word' id='word_1_106' title='bbox 636 1970 723 2027; x_wconf 84' lang='lat' dir='ltr'>sicin</span> <span class='ocrx_word' id='word_1_107' title='bbox 734 1967 787 2027; x_wconf 79' lang='lat' dir='ltr'>icoc</span> <span class='ocrx_word' id='word_1_108' title='bbox 798 1965 874 2024; x_wconf 79' lang='lat' dir='ltr'>libro</span> <span class='ocrx_word' id='word_1_109' title='bbox 884 1964 925 2023; x_wconf 82' lang='lat' dir='ltr'>od</span> <span class='ocrx_word' id='word_1_110' title='bbox 935 1968 1061 2024; x_wconf 80' lang='lat' dir='ltr'>amicum</span> <span class='ocrx_word' id='word_1_111' title='bbox 1075 1969 1272 2026; x_wconf 73' lang='lat' dir='ltr'>amicissimus</span> <span class='ocrx_word' id='word_1_112' title='bbox 1286 1966 1323 2027; x_wconf 82' lang='lat' dir='ltr'>de</span> <span class='ocrx_word' id='word_1_113' title='bbox 1338 1967 1471 2024; x_wconf 84' lang='lat' dir='ltr'>amicilia</span> <span class='ocrx_word' id='word_1_114' title='bbox 1485 1967 1627 2039; x_wconf 79' lang='lat' dir='ltr'>scripsi.»</span> 
     </span>
     <span class='ocr_line' id='line_1_15' title="bbox 511 2043 1669 2123; baseline -0.003 -17"><span class='ocrx_word' id='word_1_115' title='bbox 511 2043 733 2123; x_wconf 67' lang='lat' dir='ltr'>Parmenone,</span> <span class='ocrx_word' id='word_1_116' title='bbox 745 2053 805 2107; x_wconf 83' lang='lat' dir='ltr'>rice</span> <span class='ocrx_word' id='word_1_117' title='bbox 818 2049 1072 2105; x_wconf 76' lang='lat' dir='ltr'>canonicalia-eri</span> <span class='ocrx_word' id='word_1_118' title='bbox 1087 2062 1150 2104; x_wconf 80' lang='lat' dir='ltr'>cum</span> <span class='ocrx_word' id='word_1_119' title='bbox 1158 2063 1254 2122; x_wconf 71' lang='lat' dir='ltr'>porco</span> <span class='ocrx_word' id='word_1_120' title='bbox 1264 2045 1346 2105; x_wconf 79' lang='lat' dir='ltr'>corbi</span> <span class='ocrx_word' id='word_1_121' title='bbox 1354 2047 1514 2105; x_wconf 78' lang='lat' dir='ltr'>imitatione</span> <span class='ocrx_word' id='word_1_122' title='bbox 1529 2048 1624 2103; x_wconf 76' lang='lat' dir='ltr'>oratio</span> <span class='ocrx_word' id='word_1_123' title='bbox 1636 2044 1669 2102; x_wconf 80' lang='lat' dir='ltr'>io</span> 
     </span>
     <span class='ocr_line' id='line_1_16' title="bbox 405 2114 1671 2205; baseline -0.001 -23"><span class='ocrx_word' id='word_1_124' title='bbox 405 2114 415 2131; x_wconf 87' lang='lat'>&#39;</span> <span class='ocrx_word' id='word_1_125' title='bbox 471 2124 565 2185; x_wconf 82' lang='lat' dir='ltr'>oliam</span> <span class='ocrx_word' id='word_1_126' title='bbox 582 2130 756 2189; x_wconf 61' lang='lat' dir='ltr'>amentiam</span> <span class='ocrx_word' id='word_1_127' title='bbox 766 2126 937 2205; x_wconf 69' lang='lat' dir='ltr'>deflectitur.</span> <span class='ocrx_word' id='word_1_128' title='bbox 955 2126 1005 2185; x_wconf 83' lang='lat' dir='ltr'>Fii</span> <span class='ocrx_word' id='word_1_129' title='bbox 1017 2124 1064 2184; x_wconf 83' lang='lat' dir='ltr'>cel</span> <span class='ocrx_word' id='word_1_130' title='bbox 1076 2125 1179 2186; x_wconf 80' lang='lat' dir='ltr'>literae</span> <span class='ocrx_word' id='word_1_131' title='bbox 1190 2167 1201 2202; x_wconf 79' lang='lat'>,</span> <span class='ocrx_word' id='word_1_132' title='bbox 1214 2124 1372 2186; x_wconf 74' lang='lat' dir='ltr'>siliciboevc</span> <span class='ocrx_word' id='word_1_133' title='bbox 1384 2127 1564 2198; x_wconf 66' lang='lat' dir='ltr'>mumioni,</span> <span class='ocrx_word' id='word_1_134' title='bbox 1584 2129 1620 2183; x_wconf 79' lang='lat' dir='ltr'>oi</span> <span class='ocrx_word' id='word_1_135' title='bbox 1633 2125 1671 2185; x_wconf 82' lang='lat' dir='ltr'>de</span> 
     </span>
     <span class='ocr_line' id='line_1_17' title="bbox 475 2206 750 2268; baseline 0.004 -4"><span class='ocrx_word' id='word_1_136' title='bbox 475 2206 583 2265; x_wconf 74' lang='lat' dir='ltr'>Venere</span> <span class='ocrx_word' id='word_1_137' title='bbox 596 2207 750 2268; x_wconf 79' lang='lat' dir='ltr'>Ausonios:</span> 
     </span>
     <span class='ocr_line' id='line_1_18' title="bbox 549 2283 1255 2365; baseline -0.006 -19"><span class='ocrx_word' id='word_1_138' title='bbox 549 2284 627 2349; x_wconf 85' lang='lat' dir='ltr'>Nala</span> <span class='ocrx_word' id='word_1_139' title='bbox 638 2285 712 2365; x_wconf 70' lang='lat' dir='ltr'>scic,</span> <span class='ocrx_word' id='word_1_140' title='bbox 728 2291 866 2365; x_wconf 81' lang='lat' dir='ltr'>suscepta</span> <span class='ocrx_word' id='word_1_141' title='bbox 879 2283 953 2362; x_wconf 82' lang='lat' dir='ltr'>sole,</span> <span class='ocrx_word' id='word_1_142' title='bbox 966 2290 1053 2365; x_wconf 87' lang='lat' dir='ltr'>palre</span> <span class='ocrx_word' id='word_1_143' title='bbox 1071 2283 1150 2348; x_wconf 85' lang='lat' dir='ltr'>edita</span> <span class='ocrx_word' id='word_1_144' title='bbox 1162 2283 1255 2349; x_wconf 87' lang='lat' dir='ltr'>coelo.</span> 
     </span>
     <span class='ocr_line' id='line_1_19' title="bbox 515 2365 1102 2444; baseline -0.002 -20"><span class='ocrx_word' id='word_1_145' title='bbox 515 2366 567 2426; x_wconf 83' lang='lat' dir='ltr'>Vel</span> <span class='ocrx_word' id='word_1_146' title='bbox 581 2369 769 2444; x_wconf 76' lang='lat' dir='ltr'>detractione,</span> <span class='ocrx_word' id='word_1_147' title='bbox 782 2371 814 2426; x_wconf 83' lang='lat' dir='ltr'>rii</span> <span class='ocrx_word' id='word_1_148' title='bbox 833 2369 932 2427; x_wconf 83' lang='lat' dir='ltr'>Cicero</span> <span class='ocrx_word' id='word_1_149' title='bbox 945 2365 982 2426; x_wconf 84' lang='lat' dir='ltr'>de</span> <span class='ocrx_word' id='word_1_150' title='bbox 991 2373 1102 2443; x_wconf 80' lang='lat' dir='ltr'>seipso.-</span> 
     </span>
     <span class='ocr_line' id='line_1_20' title="bbox 549 2443 1276 2525; baseline -0.003 -19"><span class='ocrx_word' id='word_1_151' title='bbox 549 2443 573 2506; x_wconf 90' lang='lat'>0</span> <span class='ocrx_word' id='word_1_152' title='bbox 587 2445 775 2509; x_wconf 72' lang='lat' dir='ltr'>fortunatam</span> <span class='ocrx_word' id='word_1_153' title='bbox 788 2453 906 2525; x_wconf 85' lang='lat' dir='ltr'>natam,</span> <span class='ocrx_word' id='word_1_154' title='bbox 922 2461 977 2519; x_wconf 84' lang='lat' dir='ltr'>me</span> <span class='ocrx_word' id='word_1_155' title='bbox 984 2445 1121 2522; x_wconf 83' lang='lat' dir='ltr'>consule,</span> <span class='ocrx_word' id='word_1_156' title='bbox 1133 2444 1276 2509; x_wconf 82' lang='lat' dir='ltr'>Romam.</span> 
     </span>
     <span class='ocr_line' id='line_1_21' title="bbox 517 2525 800 2603; baseline 0 -18"><span class='ocrx_word' id='word_1_157' title='bbox 517 2525 567 2585; x_wconf 83' lang='lat' dir='ltr'>Vei</span> <span class='ocrx_word' id='word_1_158' title='bbox 580 2528 752 2603; x_wconf 71' lang='lat' dir='ltr'>adiectione,</span> <span class='ocrx_word' id='word_1_159' title='bbox 767 2530 800 2585; x_wconf 82' lang='lat' dir='ltr'>ui</span> 
     </span>
     <span class='ocr_line' id='line_1_22' title="bbox 548 2602 1330 2684; baseline 0.003 -20"><span class='ocrx_word' id='word_1_160' title='bbox 548 2603 617 2665; x_wconf 82' lang='lat' dir='ltr'>Tibi</span> <span class='ocrx_word' id='word_1_161' title='bbox 631 2612 736 2684; x_wconf 83' lang='lat' dir='ltr'>parata</span> <span class='ocrx_word' id='word_1_162' title='bbox 748 2610 839 2667; x_wconf 87' lang='lat' dir='ltr'>erunt</span> <span class='ocrx_word' id='word_1_163' title='bbox 848 2602 1043 2678; x_wconf 77' lang='lat' dir='ltr'>rerba‚.huic</span> <span class='ocrx_word' id='word_1_164' title='bbox 1057 2602 1179 2668; x_wconf 86' lang='lat' dir='ltr'>homini</span> <span class='ocrx_word' id='word_1_165' title='bbox 1193 2606 1330 2670; x_wconf 76' lang='lat' dir='ltr'>verbera.</span> 
     </span>
     <span class='ocr_line' id='line_1_23' title="bbox 515 2683 1351 2762; baseline -0.001 -17"><span class='ocrx_word' id='word_1_166' title='bbox 515 2683 862 2762; x_wconf 55' lang='lat' dir='ltr'>intrimentorum</span> <span class='ocrx_word' id='word_1_167' title='bbox 1348 2749 1351 2758; x_wconf 60' lang='grc'><em>,</em></span> 
     </span>
     <span class='ocr_line' id='line_1_24' title="bbox 549 2762 1301 2842; baseline 0.004 -18"><span class='ocrx_word' id='word_1_168' title='bbox 549 2762 660 2825; x_wconf 88' lang='lat' dir='ltr'>Omnia</span> <span class='ocrx_word' id='word_1_169' title='bbox 673 2763 770 2827; x_wconf 76' lang='lat' dir='ltr'>vincit</span> <span class='ocrx_word' id='word_1_170' title='bbox 784 2777 883 2842; x_wconf 85' lang='lat' dir='ltr'>amor,</span> <span class='ocrx_word' id='word_1_171' title='bbox 899 2762 924 2826; x_wconf 87' lang='lat' dir='ltr'>si</span> <span class='ocrx_word' id='word_1_172' title='bbox 935 2763 1064 2828; x_wconf 76' lang='lat' dir='ltr'>vortitur</span> <span class='ocrx_word' id='word_1_173' title='bbox 1079 2762 1185 2831; x_wconf 90' lang='lat' dir='ltr'>omnia</span> <span class='ocrx_word' id='word_1_174' title='bbox 1196 2763 1301 2829; x_wconf 79' lang='lat' dir='ltr'>vincit.</span> 
     </span>
    </p>
   </div>
   <div class='ocr_carea' id='block_1_5' title="bbox 787 2943 1347 2999">
    <p class='ocr_par' dir='ltr' id='par_1_8' title="bbox 787 2943 1347 2999">
     <span class='ocr_line' id='line_1_25' title="bbox 787 2943 1347 2999; baseline 0.005 -6"><span class='ocrx_word' id='word_1_175' title='bbox 787 2945 828 2994; x_wconf 80' lang='lat' dir='ltr'>DE</span> <span class='ocrx_word' id='word_1_176' title='bbox 841 2943 966 2995; x_wconf 72' lang='lat' dir='ltr'>monins</span> <span class='ocrx_word' id='word_1_177' title='bbox 976 2946 1149 2997; x_wconf 77' lang='lat' dir='ltr'>VERBORUM</span> <span class='ocrx_word' id='word_1_178' title='bbox 1167 2947 1347 2999; x_wconf 63' lang='lat' dir='ltr'>canonici&amp;</span> 
     </span>
    </p>
   </div>
   <div class='ocr_carea' id='block_1_6' title="bbox 467 3098 1671 3265">
    <p class='ocr_par' dir='ltr' id='par_1_9' title="bbox 467 3098 1671 3265">
     <span class='ocr_line' id='line_1_26' title="bbox 510 3098 1671 3180; baseline 0.001 -13"><span class='ocrx_word' id='word_1_179' title='bbox 510 3104 626 3180; x_wconf 78' lang='lat' dir='ltr'>Fiprira</span> <span class='ocrx_word' id='word_1_180' title='bbox 637 3101 774 3163; x_wconf 74' lang='lat' dir='ltr'>simililer</span> <span class='ocrx_word' id='word_1_181' title='bbox 788 3098 895 3161; x_wconf 82' lang='lat' dir='ltr'>cudens</span> <span class='ocrx_word' id='word_1_182' title='bbox 909 3104 961 3177; x_wconf 84' lang='lat' dir='ltr'>eri,</span> <span class='ocrx_word' id='word_1_183' title='bbox 974 3116 1040 3160; x_wconf 78' lang='lat' dir='ltr'>crim</span> <span class='ocrx_word' id='word_1_184' title='bbox 1053 3102 1122 3177; x_wconf 78' lang='lat' dir='ltr'>dno,</span> <span class='ocrx_word' id='word_1_185' title='bbox 1138 3105 1190 3159; x_wconf 80' lang='lat' dir='ltr'>coi</span> <span class='ocrx_word' id='word_1_186' title='bbox 1201 3101 1293 3179; x_wconf 79' lang='lat' dir='ltr'>pluro</span> <span class='ocrx_word' id='word_1_187' title='bbox 1302 3104 1392 3165; x_wconf 85' lang='lat' dir='ltr'>verbo</span> <span class='ocrx_word' id='word_1_188' title='bbox 1401 3107 1436 3164; x_wconf 81' lang='lat' dir='ltr'>io</span> <span class='ocrx_word' id='word_1_189' title='bbox 1447 3107 1549 3169; x_wconf 83' lang='lat' dir='ltr'>eodem</span> <span class='ocrx_word' id='word_1_190' title='bbox 1563 3111 1671 3168; x_wconf 78' lang='lat' dir='ltr'>oratio·</span> 
     </span>
     <span class='ocr_line' id='line_1_27' title="bbox 467 3178 1664 3265; baseline 0.003 -20"><span class='ocrx_word' id='word_1_191' title='bbox 467 3185 612 3245; x_wconf 74' lang='lat' dir='ltr'>pecodem</span> <span class='ocrx_word' id='word_1_192' title='bbox 625 3179 876 3261; x_wconf 72' lang='lat' dir='ltr'>coruefferrioior.</span> <span class='ocrx_word' id='word_1_193' title='bbox 895 3178 952 3239; x_wconf 82' lang='lat' dir='ltr'>Pro</span> <span class='ocrx_word' id='word_1_194' title='bbox 975 3179 1038 3260; x_wconf 83' lang='lat' dir='ltr'>lepe</span> <span class='ocrx_word' id='word_1_195' title='bbox 1051 3181 1187 3241; x_wconf 80' lang='lat' dir='ltr'>Monilia:</span> <span class='ocrx_word' id='word_1_196' title='bbox 1209 3200 1226 3236; x_wconf 77' lang='lat' dir='ltr'>p</span> <span class='ocrx_word' id='word_1_197' title='bbox 1246 3180 1290 3241; x_wconf 83' lang='lat' dir='ltr'>Ac</span> <span class='ocrx_word' id='word_1_198' title='bbox 1303 3188 1436 3261; x_wconf 81' lang='lat' dir='ltr'>primum</span> <span class='ocrx_word' id='word_1_199' title='bbox 1454 3192 1565 3265; x_wconf 65' lang='lat' dir='ltr'>quomo</span> <span class='ocrx_word' id='word_1_200' title='bbox 1577 3193 1664 3248; x_wconf 77' lang='lat' dir='ltr'>inrio-</span> 
     </span>
    </p>
   </div>
   <div class='ocr_carea' id='block_1_7' title="bbox 957 3321 1182 3336">
    <p class='ocr_par' dir='ltr' id='par_1_10' title="bbox 957 3321 1182 3336">
     <span class='ocr_line' id='line_1_28' title="bbox 957 3321 1182 3336; baseline 0.004 -3"><span class='ocrx_word' id='word_1_201' title='bbox 957 3321 1182 3336; x_wconf 41' lang='grc' dir='ltr'>ῃ*</span> 
     </span>
    </p>
   </div>
   <div class='ocr_carea' id='block_1_8' title="bbox 730 3432 1395 3478">
    <p class='ocr_par' dir='ltr' id='par_1_11' title="bbox 730 3432 1395 3478">
     <span class='ocr_line' id='line_1_29' title="bbox 730 3432 1395 3478; baseline 0.006 -6"><span class='ocrx_word' id='word_1_202' title='bbox 730 3432 813 3473; x_wconf 69' lang='lat' dir='ltr'>Dm!</span> <span class='ocrx_word' id='word_1_203' title='bbox 826 3433 923 3473; x_wconf 66' lang='lat' dir='ltr'>moun!</span> <span class='ocrx_word' id='word_1_204' title='bbox 933 3435 962 3474; x_wconf 80' lang='lat' dir='ltr'>nl</span> <span class='ocrx_word' id='word_1_205' title='bbox 975 3434 1139 3477; x_wconf 65' lang='lat' dir='ltr'>vicennalia</span> <span class='ocrx_word' id='word_1_206' title='bbox 1152 3433 1229 3476; x_wconf 62' lang='lat' dir='ltr'>VARI!</span> <span class='ocrx_word' id='word_1_207' title='bbox 1242 3435 1395 3478; x_wconf 74' lang='lat' dir='ltr'>olisrnssrlza.</span> 
     </span>
    </p>
   </div>
   <div class='ocr_carea' id='block_1_9' title="bbox 313 3561 1668 3635">
    <p class='ocr_par' dir='ltr' id='par_1_12' title="bbox 313 3561 1668 3635">
     <span class='ocr_line' id='line_1_30' title="bbox 313 3561 1668 3635; baseline 0.005 -19"><span class='ocrx_word' id='word_1_208' title='bbox 313 3564 331 3609; x_wconf 75' lang='grc'>.’</span> <span class='ocrx_word' id='word_1_209' title='bbox 425 3584 427 3588; x_wconf 46' lang='grc'><strong>“</strong></span> <span class='ocrx_word' id='word_1_210' title='bbox 507 3562 578 3618; x_wconf 88' lang='lat' dir='ltr'>Siha</span> <span class='ocrx_word' id='word_1_211' title='bbox 592 3563 609 3618; x_wconf 88' lang='lat' dir='ltr'>il</span> <span class='ocrx_word' id='word_1_212' title='bbox 625 3561 769 3633; x_wconf 70' lang='lat' dir='ltr'>Palinuro,</span> <span class='ocrx_word' id='word_1_213' title='bbox 784 3563 891 3635; x_wconf 87' lang='lat' dir='ltr'>quando</span> <span class='ocrx_word' id='word_1_214' title='bbox 905 3564 1030 3622; x_wconf 70' lang='lat' dir='ltr'>lauressa</span> <span class='ocrx_word' id='word_1_215' title='bbox 1051 3562 1145 3634; x_wconf 85' lang='lat' dir='ltr'>parola</span> <span class='ocrx_word' id='word_1_216' title='bbox 1165 3564 1187 3619; x_wconf 84' lang='lat' dir='ltr'>si</span> <span class='ocrx_word' id='word_1_217' title='bbox 1206 3580 1295 3634; x_wconf 80' lang='lat' dir='ltr'>pono,</span> <span class='ocrx_word' id='word_1_218' title='bbox 1315 3569 1450 3625; x_wconf 78' lang='lat' dir='ltr'>variniano</span> <span class='ocrx_word' id='word_1_219' title='bbox 1470 3567 1496 3624; x_wconf 86' lang='lat' dir='ltr'>la</span> <span class='ocrx_word' id='word_1_220' title='bbox 1515 3565 1668 3625; x_wconf 74' lang='lat' dir='ltr'>desinente,</span> 
     </span>
    </p>
   </div>
   <div class='ocr_carea' id='block_1_10' title="bbox 466 3639 1670 3786">
    <p class='ocr_par' dir='ltr' id='par_1_13' title="bbox 466 3639 1670 3786">
     <span class='ocr_line' id='line_1_31' title="bbox 466 3639 1670 3719; baseline 0.007 -25"><span class='ocrx_word' id='word_1_221' title='bbox 466 3639 594 3695; x_wconf 82' lang='lat' dir='ltr'>Cicerone</span> <span class='ocrx_word' id='word_1_222' title='bbox 604 3655 658 3711; x_wconf 81' lang='lat' dir='ltr'>pro</span> <span class='ocrx_word' id='word_1_223' title='bbox 671 3640 795 3696; x_wconf 81' lang='lat' dir='ltr'>Archia:</span> <span class='ocrx_word' id='word_1_224' title='bbox 814 3661 825 3689; x_wconf 76' lang='lat' dir='ltr'>a</span> <span class='ocrx_word' id='word_1_225' title='bbox 839 3643 920 3714; x_wconf 84' lang='lat' dir='ltr'>pieni</span> <span class='ocrx_word' id='word_1_226' title='bbox 933 3656 981 3696; x_wconf 89' lang='lat' dir='ltr'>sou</span> <span class='ocrx_word' id='word_1_227' title='bbox 994 3642 1057 3696; x_wconf 86' lang='lat' dir='ltr'>tulli</span> <span class='ocrx_word' id='word_1_228' title='bbox 1071 3641 1079 3695; x_wconf 89' lang='lat' dir='ltr'>i</span> <span class='ocrx_word' id='word_1_229' title='bbox 1093 3639 1163 3712; x_wconf 81' lang='lat' dir='ltr'>libri,</span> <span class='ocrx_word' id='word_1_230' title='bbox 1175 3643 1260 3715; x_wconf 83' lang='lat' dir='ltr'>pierre</span> <span class='ocrx_word' id='word_1_231' title='bbox 1275 3641 1299 3698; x_wconf 92' lang='lat' dir='ltr'>le</span> <span class='ocrx_word' id='word_1_232' title='bbox 1311 3645 1373 3699; x_wconf 91' lang='lat' dir='ltr'>voci</span> <span class='ocrx_word' id='word_1_233' title='bbox 1384 3643 1562 3716; x_wconf 82' lang='lat' dir='ltr'>rie&#39;sapienli,</span> <span class='ocrx_word' id='word_1_234' title='bbox 1578 3647 1670 3719; x_wconf 83' lang='lat' dir='ltr'>piena</span> 
     </span>
     <span class='ocr_line' id='line_1_32' title="bbox 467 3714 830 3786; baseline -0.006 -15"><span class='ocrx_word' id='word_1_235' title='bbox 467 3714 494 3771; x_wconf 88' lang='lat' dir='ltr'>dl</span> <span class='ocrx_word' id='word_1_236' title='bbox 507 3714 621 3786; x_wconf 82' lang='lat' dir='ltr'>esempli</span> <span class='ocrx_word' id='word_1_237' title='bbox 634 3714 651 3769; x_wconf 91' lang='lat' dir='ltr'>l’</span> <span class='ocrx_word' id='word_1_238' title='bbox 660 3715 790 3771; x_wconf 74' lang='lat' dir='ltr'>anlichili</span> <span class='ocrx_word' id='word_1_239' title='bbox 806 3737 830 3769; x_wconf 79' lang='lat' dir='ltr'>a.</span> 
     </span>
    </p>
   </div>
   <div class='ocr_carea' id='block_1_11' title="bbox 696 3858 1435 3912">
    <p class='ocr_par' dir='ltr' id='par_1_14' title="bbox 696 3858 1435 3912">
     <span class='ocr_line' id='line_1_33' title="bbox 696 3858 1435 3912; baseline 0.007 -8"><span class='ocrx_word' id='word_1_240' title='bbox 696 3865 779 3905; x_wconf 73' lang='lat' dir='ltr'>onum</span> <span class='ocrx_word' id='word_1_241' title='bbox 793 3866 888 3905; x_wconf 77' lang='lat' dir='ltr'>FIGURE</span> <span class='ocrx_word' id='word_1_242' title='bbox 898 3867 928 3906; x_wconf 83' lang='lat' dir='ltr'>ol</span> <span class='ocrx_word' id='word_1_243' title='bbox 941 3867 1041 3907; x_wconf 70' lang='lat' dir='ltr'>moui</span> <span class='ocrx_word' id='word_1_244' title='bbox 1055 3870 1109 3912; x_wconf 73' lang='lat' dir='ltr'>PER</span> <span class='ocrx_word' id='word_1_245' title='bbox 1121 3858 1287 3908; x_wconf 65' lang='lat' dir='ltr'>amomum</span> <span class='ocrx_word' id='word_1_246' title='bbox 1300 3869 1329 3907; x_wconf 82' lang='lat' dir='ltr'><strong>m</strong></span> <span class='ocrx_word' id='word_1_247' title='bbox 1342 3868 1435 3910; x_wconf 78' lang='lat' dir='ltr'>SUONO.</span> 
     </span>
    </p>
   </div>
   <div class='ocr_carea' id='block_1_12' title="bbox 462 3982 1671 4444">
    <p class='ocr_par' dir='ltr' id='par_1_15' title="bbox 465 3982 1669 4197">
     <span class='ocr_line' id='line_1_34' title="bbox 503 3982 1669 4062; baseline 0.003 -16"><span class='ocrx_word' id='word_1_248' title='bbox 503 3982 704 4046; x_wconf 87' lang='lat' dir='ltr'>Porechemeno</span> <span class='ocrx_word' id='word_1_249' title='bbox 717 3988 732 4047; x_wconf 80' lang='lat' dir='ltr'>i</span> <span class='ocrx_word' id='word_1_250' title='bbox 746 3989 808 4062; x_wconf 87' lang='lat' dir='ltr'>quel</span> <span class='ocrx_word' id='word_1_251' title='bbox 820 3989 894 4046; x_wconf 79' lang='lat' dir='ltr'>dello</span> <span class='ocrx_word' id='word_1_252' title='bbox 908 3990 934 4047; x_wconf 90' lang='lat' dir='ltr'>di</span> <span class='ocrx_word' id='word_1_253' title='bbox 948 3991 1077 4050; x_wconf 83' lang='lat' dir='ltr'>Cicerone</span> <span class='ocrx_word' id='word_1_254' title='bbox 1090 3996 1122 4049; x_wconf 83' lang='lat' dir='ltr'>in</span> <span class='ocrx_word' id='word_1_255' title='bbox 1132 3990 1223 4050; x_wconf 77' lang='lat' dir='ltr'>Lelio:</span> <span class='ocrx_word' id='word_1_256' title='bbox 1240 4015 1251 4042; x_wconf 75' lang='lat' dir='ltr'>a</span> <span class='ocrx_word' id='word_1_257' title='bbox 1264 3989 1337 4049; x_wconf 79' lang='lat' dir='ltr'>Corn&#39;</span> <span class='ocrx_word' id='word_1_258' title='bbox 1349 3994 1373 4050; x_wconf 91' lang='lat' dir='ltr'>io</span> <span class='ocrx_word' id='word_1_259' title='bbox 1384 3993 1498 4052; x_wconf 84' lang='lat' dir='ltr'>vecchio</span> <span class='ocrx_word' id='word_1_260' title='bbox 1511 3992 1546 4050; x_wconf 90' lang='lat' dir='ltr'>ad</span> <span class='ocrx_word' id='word_1_261' title='bbox 1556 4010 1594 4049; x_wconf 90' lang='lat' dir='ltr'>nn</span> <span class='ocrx_word' id='word_1_262' title='bbox 1607 4008 1669 4050; x_wconf 91' lang='lat' dir='ltr'>rec-</span> 
     </span>
     <span class='ocr_line' id='line_1_35' title="bbox 469 4063 1669 4153; baseline 0.006 -34"><span class='ocrx_word' id='word_1_263' title='bbox 469 4065 530 4151; x_wconf 77' lang='lat' dir='ltr'>chio</span> <span class='ocrx_word' id='word_1_264' title='bbox 544 4063 613 4153; x_wconf 77' lang='lat' dir='ltr'>della</span> <span class='ocrx_word' id='word_1_265' title='bbox 627 4065 796 4137; x_wconf 83' lang='lat' dir='ltr'>vecchiozza‚</span> <span class='ocrx_word' id='word_1_266' title='bbox 807 4066 865 4122; x_wconf 88' lang='lat' dir='ltr'>cosl</span> <span class='ocrx_word' id='word_1_267' title='bbox 882 4067 907 4121; x_wconf 91' lang='lat' dir='ltr'>in</span> <span class='ocrx_word' id='word_1_268' title='bbox 919 4075 1018 4139; x_wconf 87' lang='lat' dir='ltr'>questo</span> <span class='ocrx_word' id='word_1_269' title='bbox 1033 4069 1101 4126; x_wconf 85' lang='lat' dir='ltr'>libro</span> <span class='ocrx_word' id='word_1_270' title='bbox 1115 4067 1148 4124; x_wconf 86' lang='lat' dir='ltr'>ad</span> <span class='ocrx_word' id='word_1_271' title='bbox 1162 4084 1198 4123; x_wconf 90' lang='lat' dir='ltr'>un</span> <span class='ocrx_word' id='word_1_272' title='bbox 1212 4069 1299 4124; x_wconf 86' lang='lat' dir='ltr'>amico</span> <span class='ocrx_word' id='word_1_273' title='bbox 1313 4070 1339 4126; x_wconf 91' lang='lat' dir='ltr'>io</span> <span class='ocrx_word' id='word_1_274' title='bbox 1352 4072 1520 4127; x_wconf 85' lang='lat' dir='ltr'>amicissimo</span> <span class='ocrx_word' id='word_1_275' title='bbox 1533 4068 1669 4126; x_wconf 86' lang='lat' dir='ltr'>dell‘ami·</span> 
     </span>
     <span class='ocr_line' id='line_1_36' title="bbox 465 4154 673 4197; baseline 0 -3"><span class='ocrx_word' id='word_1_276' title='bbox 465 4154 531 4197; x_wconf 87' lang='lat' dir='ltr'>crzra</span> <span class='ocrx_word' id='word_1_277' title='bbox 544 4155 631 4195; x_wconf 84' lang='lat' dir='ltr'>ccrrro</span> <span class='ocrx_word' id='word_1_278' title='bbox 648 4163 673 4194; x_wconf 73' lang='lat' dir='ltr'>l.</span> 
     </span>
    </p>

    <p class='ocr_par' dir='ltr' id='par_1_16' title="bbox 462 4216 1671 4444">
     <span class='ocr_line' id='line_1_37' title="bbox 503 4216 1671 4293; baseline 0.003 -20"><span class='ocrx_word' id='word_1_279' title='bbox 503 4219 701 4284; x_wconf 87' lang='lat' dir='ltr'>Paronornasia,</span> <span class='ocrx_word' id='word_1_280' title='bbox 717 4233 732 4272; x_wconf 93' lang='lat' dir='ltr'>o</span> <span class='ocrx_word' id='word_1_281' title='bbox 747 4216 1011 4290; x_wconf 75' lang='lat' dir='ltr'>annominozionei,</span> <span class='ocrx_word' id='word_1_282' title='bbox 1034 4220 1141 4290; x_wconf 85' lang='lat' dir='ltr'>qnando</span> <span class='ocrx_word' id='word_1_283' title='bbox 1162 4236 1214 4276; x_wconf 88' lang='lat' dir='ltr'>con</span> <span class='ocrx_word' id='word_1_284' title='bbox 1234 4218 1321 4290; x_wconf 90' lang='lat' dir='ltr'>piccol</span> <span class='ocrx_word' id='word_1_285' title='bbox 1341 4225 1508 4276; x_wconf 79' lang='lat' dir='ltr'>mulameoio</span> <span class='ocrx_word' id='word_1_286' title='bbox 1529 4220 1556 4277; x_wconf 90' lang='lat' dir='ltr'>di</span> <span class='ocrx_word' id='word_1_287' title='bbox 1576 4220 1671 4293; x_wconf 78' lang='lat' dir='ltr'>parole</span> 
     </span>
     <span class='ocr_line' id='line_1_38' title="bbox 462 4287 1669 4370; baseline 0.007 -26"><span class='ocrx_word' id='word_1_288' title='bbox 462 4287 484 4344; x_wconf 74' lang='lat' dir='ltr'>l&#39;</span> <span class='ocrx_word' id='word_1_289' title='bbox 496 4292 618 4349; x_wconf 88' lang='lat' dir='ltr'>oraziooc</span> <span class='ocrx_word' id='word_1_290' title='bbox 634 4295 654 4346; x_wconf 88' lang='lat' dir='ltr'>sl</span> <span class='ocrx_word' id='word_1_291' title='bbox 668 4292 740 4349; x_wconf 86' lang='lat' dir='ltr'>volta</span> <span class='ocrx_word' id='word_1_292' title='bbox 752 4294 785 4349; x_wconf 88' lang='lat' dir='ltr'>ad</span> <span class='ocrx_word' id='word_1_293' title='bbox 799 4293 866 4350; x_wconf 85' lang='lat' dir='ltr'>allra</span> <span class='ocrx_word' id='word_1_294' title='bbox 881 4303 1016 4351; x_wconf 85' lang='lat' dir='ltr'>scnrenza.</span> <span class='ocrx_word' id='word_1_295' title='bbox 1038 4296 1091 4351; x_wconf 88' lang='lat' dir='ltr'>Eil</span> <span class='ocrx_word' id='word_1_296' title='bbox 1105 4304 1270 4352; x_wconf 84' lang='lat' dir='ltr'>mulameolo</span> <span class='ocrx_word' id='word_1_297' title='bbox 1285 4296 1308 4349; x_wconf 89' lang='lat' dir='ltr'>si</span> <span class='ocrx_word' id='word_1_298' title='bbox 1329 4293 1368 4364; x_wconf 81' lang='lat' dir='ltr'>la,</span> <span class='ocrx_word' id='word_1_299' title='bbox 1384 4310 1400 4349; x_wconf 95' lang='lat' dir='ltr'>o</span> <span class='ocrx_word' id='word_1_300' title='bbox 1415 4296 1458 4360; x_wconf 87' lang='lat' dir='ltr'>col</span> <span class='ocrx_word' id='word_1_301' title='bbox 1470 4300 1598 4370; x_wconf 80' lang='lat' dir='ltr'>cangiare</span> <span class='ocrx_word' id='word_1_302' title='bbox 1616 4313 1669 4352; x_wconf 88' lang='lat' dir='ltr'>una</span> 
     </span>
     <span class='ocr_line' id='line_1_39' title="bbox 463 4364 1474 4444; baseline 0.005 -24"><span class='ocrx_word' id='word_1_303' title='bbox 463 4364 559 4424; x_wconf 79' lang='lat' dir='ltr'>lellera</span> <span class='ocrx_word' id='word_1_304' title='bbox 572 4384 588 4424; x_wconf 91' lang='lat' dir='ltr'>o</span> <span class='ocrx_word' id='word_1_305' title='bbox 602 4367 705 4428; x_wconf 78' lang='lat' dir='ltr'>sillaba·</span> <span class='ocrx_word' id='word_1_306' title='bbox 719 4386 735 4425; x_wconf 93' lang='lat' dir='ltr'>o</span> <span class='ocrx_word' id='word_1_307' title='bbox 749 4368 793 4424; x_wconf 89' lang='lat' dir='ltr'>col</span> <span class='ocrx_word' id='word_1_308' title='bbox 805 4369 935 4442; x_wconf 80' lang='lat' dir='ltr'>loglicrla5</span> <span class='ocrx_word' id='word_1_309' title='bbox 951 4388 967 4427; x_wconf 93' lang='lat' dir='ltr'>o</span> <span class='ocrx_word' id='word_1_310' title='bbox 981 4370 1238 4444; x_wconf 78' lang='lat' dir='ltr'>coll’agginngerla3</span> <span class='ocrx_word' id='word_1_311' title='bbox 1252 4386 1268 4425; x_wconf 94' lang='lat' dir='ltr'>o</span> <span class='ocrx_word' id='word_1_312' title='bbox 1280 4369 1324 4426; x_wconf 91' lang='lat' dir='ltr'>ool</span> <span class='ocrx_word' id='word_1_313' title='bbox 1333 4370 1474 4441; x_wconf 68' lang='lat' dir='ltr'>{rasporla</span> 
     </span>
    </p>
   </div>
   <div class='ocr_carea' id='block_1_13' title="bbox 803 4537 1323 4581">
    <p class='ocr_par' dir='ltr' id='par_1_17' title="bbox 803 4537 1323 4581">
     <span class='ocr_line' id='line_1_40' title="bbox 803 4537 1323 4581; baseline -0.002 -5"><span class='ocrx_word' id='word_1_314' title='bbox 803 4538 887 4578; x_wconf 79' lang='lat' dir='ltr'><strong>DELLB</strong></span> <span class='ocrx_word' id='word_1_315' title='bbox 899 4539 996 4580; x_wconf 76' lang='lat' dir='ltr'>rlouulr</span> <span class='ocrx_word' id='word_1_316' title='bbox 1008 4539 1038 4578; x_wconf 85' lang='lat' dir='ltr'>nl</span> <span class='ocrx_word' id='word_1_317' title='bbox 1051 4538 1151 4581; x_wconf 70' lang='lat' dir='ltr'>HROLB</span> <span class='ocrx_word' id='word_1_318' title='bbox 1164 4537 1323 4578; x_wconf 71' lang='lat' dir='ltr'>inuonicflli.</span> 
     </span>
    </p>
   </div>
   <div class='ocr_carea' id='block_1_14' title="bbox 465 4659 1670 4814">
    <p class='ocr_par' dir='ltr' id='par_1_18' title="bbox 465 4659 1670 4814">
     <span class='ocr_line' id='line_1_41' title="bbox 502 4659 1667 4740; baseline 0.009 -27"><span class='ocrx_word' id='word_1_319' title='bbox 502 4659 540 4714; x_wconf 86' lang='lat' dir='ltr'>La</span> <span class='ocrx_word' id='word_1_320' title='bbox 552 4660 638 4732; x_wconf 81' lang='lat' dir='ltr'>figura</span> <span class='ocrx_word' id='word_1_321' title='bbox 650 4659 697 4717; x_wconf 84' lang='lat' dir='ltr'>dei</span> <span class='ocrx_word' id='word_1_322' title='bbox 711 4666 774 4720; x_wconf 86' lang='lat' dir='ltr'>cosi</span> <span class='ocrx_word' id='word_1_323' title='bbox 787 4663 880 4720; x_wconf 79' lang='lat' dir='ltr'>simili</span> <span class='ocrx_word' id='word_1_324' title='bbox 894 4665 915 4719; x_wconf 85' lang='lat' dir='ltr'>si</span> <span class='ocrx_word' id='word_1_325' title='bbox 930 4666 974 4735; x_wconf 83' lang='lat' dir='ltr'>ha,</span> <span class='ocrx_word' id='word_1_326' title='bbox 990 4665 1098 4738; x_wconf 88' lang='lat' dir='ltr'>quaudo</span> <span class='ocrx_word' id='word_1_327' title='bbox 1112 4667 1158 4738; x_wconf 82' lang='lat' dir='ltr'>piri</span> <span class='ocrx_word' id='word_1_328' title='bbox 1173 4667 1265 4740; x_wconf 88' lang='lat' dir='ltr'>parole</span> <span class='ocrx_word' id='word_1_329' title='bbox 1278 4667 1302 4720; x_wconf 89' lang='lat' dir='ltr'>si</span> <span class='ocrx_word' id='word_1_330' title='bbox 1316 4663 1469 4734; x_wconf 86' lang='lat' dir='ltr'>adoperano</span> <span class='ocrx_word' id='word_1_331' title='bbox 1487 4670 1558 4726; x_wconf 87' lang='lat' dir='ltr'>oello</span> <span class='ocrx_word' id='word_1_332' title='bbox 1579 4676 1667 4728; x_wconf 85' lang='lat' dir='ltr'>stesso</span> 
     </span>
     <span class='ocr_line' id='line_1_42' title="bbox 465 4734 1670 4814; baseline 0.011 -27"><span class='ocrx_word' id='word_1_333' title='bbox 465 4747 540 4789; x_wconf 86' lang='lat' dir='ltr'>caso.</span> <span class='ocrx_word' id='word_1_334' title='bbox 554 4734 604 4791; x_wconf 82' lang='lat' dir='ltr'>Per</span> <span class='ocrx_word' id='word_1_335' title='bbox 618 4737 643 4792; x_wconf 90' lang='lat' dir='ltr'>la</span> <span class='ocrx_word' id='word_1_336' title='bbox 654 4737 730 4811; x_wconf 69' lang='lat' dir='ltr'>lagga</span> <span class='ocrx_word' id='word_1_337' title='bbox 745 4740 857 4796; x_wconf 84' lang='lat' dir='ltr'>Manilio:</span> <span class='ocrx_word' id='word_1_338' title='bbox 877 4763 887 4788; x_wconf 76' lang='lat' dir='ltr'>a</span> <span class='ocrx_word' id='word_1_339' title='bbox 897 4742 933 4798; x_wconf 81' lang='lat' dir='ltr'>-lli</span> <span class='ocrx_word' id='word_1_340' title='bbox 947 4749 1047 4814; x_wconf 79' lang='lat' dir='ltr'>prranla</span> <span class='ocrx_word' id='word_1_341' title='bbox 1058 4743 1203 4802; x_wconf 84' lang='lat' dir='ltr'>innoceoza</span> <span class='ocrx_word' id='word_1_342' title='bbox 1216 4742 1339 4802; x_wconf 74' lang='lat' dir='ltr'>richbono</span> <span class='ocrx_word' id='word_1_343' title='bbox 1349 4755 1439 4804; x_wconf 85' lang='lat' dir='ltr'>essere</span> <span class='ocrx_word' id='word_1_344' title='bbox 1459 4748 1466 4804; x_wconf 87' lang='lat' dir='ltr'>i</span> <span class='ocrx_word' id='word_1_345' title='bbox 1480 4745 1670 4804; x_wconf 83' lang='lat' dir='ltr'>romandanli?</span> 
     </span>
    </p>
   </div>
   <div class='ocr_carea' id='block_1_15' title="bbox 0 0 1976 5592">
    <p class='ocr_par' dir='ltr' id='par_1_19' title="bbox 0 0 1976 5592">
     <span class='ocr_line' id='line_1_43' title="bbox 0 0 1976 5592; baseline 0 0"><span class='ocrx_word' id='word_1_346' title='bbox 0 0 1976 5592; x_wconf 95' lang='lat' dir='ltr'> </span> 
     </span>
    </p>
   </div>
  </div>
 </body>
</html>
