<?xml version="1.0" encoding="UTF-8"?>
<!DOCTYPE html PUBLIC "-//W3C//DTD XHTML 1.0 Transitional//EN"
    "http://www.w3.org/TR/xhtml1/DTD/xhtml1-transitional.dtd">
<html xmlns="http://www.w3.org/1999/xhtml" xml:lang="en" lang="en">
 <head>
  <title>
</title>
<meta http-equiv="Content-Type" content="text/html;charset=utf-8" />
  <meta name='ocr-system' content='tesseract 3.04.00' />
  <meta name='ocr-capabilities' content='ocr_page ocr_carea ocr_par ocr_line ocrx_word'/>
</head>
<body>
  <div class='ocr_page' id='page_1' title='image "./operedigiambatt01ferrgoog_0110.png"; bbox 0 0 3942 5592; ppageno 0'>
   <div class='ocr_carea' id='block_1_1' title="bbox 353 583 1630 4670">
    <p class='ocr_par' dir='ltr' id='par_1_1' title="bbox 353 583 1630 4670">
     <span class='ocr_line' id='line_1_1' title="bbox 400 583 1630 670; baseline 0.013 -28"><span class='ocrx_word' id='word_1_1' title='bbox 400 585 617 662; x_wconf 83' lang='lat' dir='ltr'><strong>praeceptores</strong></span> <span class='ocrx_word' id='word_1_2' title='bbox 629 597 814 652; x_wconf 81' lang='lat' dir='ltr'><strong>veneramur,</strong></span> <span class='ocrx_word' id='word_1_3' title='bbox 833 583 914 659; x_wconf 93' lang='lat' dir='ltr'><strong>quod</strong></span> <span class='ocrx_word' id='word_1_4' title='bbox 928 599 1033 644; x_wconf 89' lang='lat' dir='ltr'><strong>eorum</strong></span> <span class='ocrx_word' id='word_1_5' title='bbox 1056 583 1190 646; x_wconf 90' lang='lat' dir='ltr'><strong>doctrina</strong></span> <span class='ocrx_word' id='word_1_6' title='bbox 1207 589 1324 650; x_wconf 90' lang='lat' dir='ltr'><strong>animos</strong></span> <span class='ocrx_word' id='word_1_7' title='bbox 1349 593 1469 670; x_wconf 90' lang='lat' dir='ltr'><strong>optimis</strong></span> <span class='ocrx_word' id='word_1_8' title='bbox 1495 597 1630 658; x_wconf 89' lang='lat' dir='ltr'><strong>moribus</strong></span> 
     </span>
     <span class='ocr_line' id='line_1_2' title="bbox 399 679 1629 771; baseline 0.011 -29"><span class='ocrx_word' id='word_1_9' title='bbox 399 681 570 754; x_wconf 88' lang='lat' dir='ltr'><strong>institutos,</strong></span> <span class='ocrx_word' id='word_1_10' title='bbox 586 683 700 740; x_wconf 87' lang='lat' dir='ltr'><strong>mentes</strong></span> <span class='ocrx_word' id='word_1_11' title='bbox 723 679 914 741; x_wconf 90' lang='lat' dir='ltr'><strong>interioribus</strong></span> <span class='ocrx_word' id='word_1_12' title='bbox 935 681 1046 742; x_wconf 90' lang='lat' dir='ltr'><strong>litteris</strong></span> <span class='ocrx_word' id='word_1_13' title='bbox 1059 684 1193 744; x_wconf 85' lang='lat' dir='ltr'><strong>eruditas</strong></span> <span class='ocrx_word' id='word_1_14' title='bbox 1209 687 1355 748; x_wconf 89' lang='lat' dir='ltr'><strong>babemus</strong></span> <span class='ocrx_word' id='word_1_15' title='bbox 1366 709 1374 749; x_wconf 79' lang='lat' dir='ltr'><strong>a</strong></span> <span class='ocrx_word' id='word_1_16' title='bbox 1386 694 1437 767; x_wconf 92' lang='lat' dir='ltr'><strong>qui</strong></span> <span class='ocrx_word' id='word_1_17' title='bbox 1455 709 1561 767; x_wconf 90' lang='lat' dir='ltr'><strong>umor,</strong></span> <span class='ocrx_word' id='word_1_18' title='bbox 1579 698 1629 771; x_wconf 90' lang='lat' dir='ltr'><strong>qni</strong></span> 
     </span>
     <span class='ocr_line' id='line_1_3' title="bbox 395 772 1628 863; baseline 0.005 -29"><span class='ocrx_word' id='word_1_19' title='bbox 395 777 506 848; x_wconf 88' lang='lat' dir='ltr'><strong>bonor,</strong></span> <span class='ocrx_word' id='word_1_20' title='bbox 522 790 604 849; x_wconf 90' lang='lat' dir='ltr'><strong>quae</strong></span> <span class='ocrx_word' id='word_1_21' title='bbox 617 772 795 844; x_wconf 88' lang='lat' dir='ltr'><strong>rerereniia,</strong></span> <span class='ocrx_word' id='word_1_22' title='bbox 812 774 864 849; x_wconf 91' lang='lat' dir='ltr'><strong>qui</strong></span> <span class='ocrx_word' id='word_1_23' title='bbox 888 775 989 834; x_wconf 90' lang='lat' dir='ltr'><strong>cultus</strong></span> <span class='ocrx_word' id='word_1_24' title='bbox 1011 774 1077 852; x_wconf 89' lang='lat' dir='ltr'><strong>tibi,</strong></span> <span class='ocrx_word' id='word_1_25' title='bbox 1094 777 1352 843; x_wconf 85' lang='lat' dir='ltr'><strong>Excellentissime</strong></span> <span class='ocrx_word' id='word_1_26' title='bbox 1366 781 1520 863; x_wconf 81' lang='lat' dir='ltr'>Princeps,</span> <span class='ocrx_word' id='word_1_27' title='bbox 1540 805 1628 862; x_wconf 77' lang='lat' dir='ltr'><strong>prae.</strong></span> 
     </span>
     <span class='ocr_line' id='line_1_4' title="bbox 394 866 1626 956; baseline 0.014 -29"><span class='ocrx_word' id='word_1_28' title='bbox 394 867 508 943; x_wconf 78' lang='lat' dir='ltr'><strong>standi,</strong></span> <span class='ocrx_word' id='word_1_29' title='bbox 535 867 599 942; x_wconf 88' lang='lat' dir='ltr'><strong>qui,</strong></span> <span class='ocrx_word' id='word_1_30' title='bbox 616 883 683 926; x_wconf 91' lang='lat' dir='ltr'><strong>cum</strong></span> <span class='ocrx_word' id='word_1_31' title='bbox 696 884 715 927; x_wconf 92' lang='lat' dir='ltr'><strong>a</strong></span> <span class='ocrx_word' id='word_1_32' title='bbox 729 866 859 928; x_wconf 83' lang='lat' dir='ltr'>maxime</span> <span class='ocrx_word' id='word_1_33' title='bbox 880 868 960 929; x_wconf 89' lang='lat' dir='ltr'><strong>bello</strong></span> <span class='ocrx_word' id='word_1_34' title='bbox 976 870 1051 928; x_wconf 91' lang='lat' dir='ltr'><strong>banc</strong></span> <span class='ocrx_word' id='word_1_35' title='bbox 1075 871 1225 931; x_wconf 89' lang='lat' dir='ltr'><strong>civitatem</strong></span> <span class='ocrx_word' id='word_1_36' title='bbox 1241 873 1407 951; x_wconf 88' lang='lat' dir='ltr'><strong>liberares,</strong></span> <span class='ocrx_word' id='word_1_37' title='bbox 1424 883 1504 940; x_wconf 90' lang='lat' dir='ltr'><strong>tecta</strong></span> <span class='ocrx_word' id='word_1_38' title='bbox 1528 883 1626 956; x_wconf 89' lang='lat' dir='ltr'><strong>urbis,</strong></span> 
     </span>
     <span class='ocr_line' id='line_1_5' title="bbox 394 961 1626 1037; baseline 0.011 -14"><span class='ocrx_word' id='word_1_39' title='bbox 394 963 485 1037; x_wconf 91' lang='lat' dir='ltr'><strong>bona,</strong></span> <span class='ocrx_word' id='word_1_40' title='bbox 505 961 782 1034; x_wconf 78' lang='lat' dir='ltr'><strong>fortunas,salutem</strong></span> <span class='ocrx_word' id='word_1_41' title='bbox 797 961 935 1022; x_wconf 88' lang='lat' dir='ltr'><strong>omnium</strong></span> <span class='ocrx_word' id='word_1_42' title='bbox 949 961 1053 1021; x_wconf 84' lang='lat' dir='ltr'><strong>aterro</strong></span> <span class='ocrx_word' id='word_1_43' title='bbox 1067 967 1098 1023; x_wconf 90' lang='lat' dir='ltr'><strong>et</strong></span> <span class='ocrx_word' id='word_1_44' title='bbox 1113 963 1230 1025; x_wconf 89' lang='lat' dir='ltr'><strong>llamma</strong></span> <span class='ocrx_word' id='word_1_45' title='bbox 1243 970 1361 1027; x_wconf 85' lang='lat' dir='ltr'><strong>tutatus</strong></span> <span class='ocrx_word' id='word_1_46' title='bbox 1377 985 1430 1030; x_wconf 90' lang='lat' dir='ltr'><strong>es:</strong></span> <span class='ocrx_word' id='word_1_47' title='bbox 1457 990 1524 1034; x_wconf 90' lang='lat' dir='ltr'><strong>cum</strong></span> <span class='ocrx_word' id='word_1_48' title='bbox 1539 992 1556 1034; x_wconf 91' lang='lat' dir='ltr'><strong>a</strong></span> <span class='ocrx_word' id='word_1_49' title='bbox 1574 995 1626 1036; x_wconf 92' lang='lat' dir='ltr'><strong>uo·</strong></span> 
     </span>
     <span class='ocr_line' id='line_1_6' title="bbox 395 1054 1624 1143; baseline 0.01 -26"><span class='ocrx_word' id='word_1_50' title='bbox 395 1057 442 1117; x_wconf 90' lang='lat' dir='ltr'><strong>bis</strong></span> <span class='ocrx_word' id='word_1_51' title='bbox 467 1057 657 1117; x_wconf 88' lang='lat' dir='ltr'><strong>teterrimam</strong></span> <span class='ocrx_word' id='word_1_52' title='bbox 680 1057 879 1135; x_wconf 73' lang='lat' dir='ltr'><strong>pestilentiam</strong></span> <span class='ocrx_word' id='word_1_53' title='bbox 893 1074 1025 1132; x_wconf 89' lang='lat' dir='ltr'><strong>arceres,</strong></span> <span class='ocrx_word' id='word_1_54' title='bbox 1040 1054 1196 1135; x_wconf 80' lang='lat' dir='ltr'><strong>conjuges,</strong></span> <span class='ocrx_word' id='word_1_55' title='bbox 1214 1065 1367 1136; x_wconf 89' lang='lat' dir='ltr'><strong>parentes,</strong></span> <span class='ocrx_word' id='word_1_56' title='bbox 1392 1064 1512 1141; x_wconf 92' lang='lat' dir='ltr'><strong>liberos,</strong></span> <span class='ocrx_word' id='word_1_57' title='bbox 1531 1069 1624 1143; x_wconf 79' lang='lat' dir='ltr'><strong>vitam</strong></span> 
     </span>
     <span class='ocr_line' id='line_1_7' title="bbox 393 1154 1621 1242; baseline 0.011 -29"><span class='ocrx_word' id='word_1_58' title='bbox 393 1154 535 1215; x_wconf 88' lang='lat' dir='ltr'><strong>omuibus</strong></span> <span class='ocrx_word' id='word_1_59' title='bbox 559 1155 758 1216; x_wconf 72' lang='lat' dir='ltr'><strong>conservasti:</strong></span> <span class='ocrx_word' id='word_1_60' title='bbox 774 1172 840 1215; x_wconf 90' lang='lat' dir='ltr'><strong>curu</strong></span> <span class='ocrx_word' id='word_1_61' title='bbox 854 1155 983 1233; x_wconf 90' lang='lat' dir='ltr'><strong>denique</strong></span> <span class='ocrx_word' id='word_1_62' title='bbox 998 1156 1110 1233; x_wconf 91' lang='lat' dir='ltr'><strong>optima</strong></span> <span class='ocrx_word' id='word_1_63' title='bbox 1126 1156 1292 1220; x_wconf 90' lang='lat' dir='ltr'><strong>litterarum</strong></span> <span class='ocrx_word' id='word_1_64' title='bbox 1307 1159 1410 1221; x_wconf 90' lang='lat' dir='ltr'><strong>studia</strong></span> <span class='ocrx_word' id='word_1_65' title='bbox 1428 1165 1621 1242; x_wconf 90' lang='lat' dir='ltr'><strong>secundares,</strong></span> 
     </span>
     <span class='ocr_line' id='line_1_8' title="bbox 391 1246 1620 1328; baseline 0.011 -22"><span class='ocrx_word' id='word_1_66' title='bbox 391 1247 513 1307; x_wconf 86' lang='lat' dir='ltr'><strong>cunctis</strong></span> <span class='ocrx_word' id='word_1_67' title='bbox 536 1249 673 1307; x_wconf 89' lang='lat' dir='ltr'><strong>nostrum</strong></span> <span class='ocrx_word' id='word_1_68' title='bbox 688 1263 807 1322; x_wconf 89' lang='lat' dir='ltr'><strong>nomen,</strong></span> <span class='ocrx_word' id='word_1_69' title='bbox 824 1246 942 1314; x_wconf 90' lang='lat' dir='ltr'><strong>lamam,</strong></span> <span class='ocrx_word' id='word_1_70' title='bbox 960 1249 1086 1324; x_wconf 82' lang='lat' dir='ltr'>gloriam</span> <span class='ocrx_word' id='word_1_71' title='bbox 1103 1247 1287 1310; x_wconf 83' lang='lat' dir='ltr'><strong>reddidisti?</strong></span> <span class='ocrx_word' id='word_1_72' title='bbox 1301 1253 1410 1328; x_wconf 82' lang='lat' dir='ltr'><strong>Quare,</strong></span> <span class='ocrx_word' id='word_1_73' title='bbox 1425 1272 1494 1315; x_wconf 89' lang='lat' dir='ltr'><strong>cum</strong></span> <span class='ocrx_word' id='word_1_74' title='bbox 1517 1255 1620 1320; x_wconf 89' lang='lat' dir='ltr'><strong>lunda·</strong></span> 
     </span>
     <span class='ocr_line' id='line_1_9' title="bbox 391 1338 1622 1426; baseline 0.009 -26"><span class='ocrx_word' id='word_1_75' title='bbox 391 1339 514 1401; x_wconf 88' lang='lat' dir='ltr'><strong>tortbus</strong></span> <span class='ocrx_word' id='word_1_76' title='bbox 525 1341 633 1414; x_wconf 86' lang='lat' dir='ltr'><strong>multa,</strong></span> <span class='ocrx_word' id='word_1_77' title='bbox 649 1338 811 1422; x_wconf 87' lang='lat' dir='ltr'><strong>majoribus</strong></span> <span class='ocrx_word' id='word_1_78' title='bbox 822 1346 939 1418; x_wconf 81' lang='lat' dir='ltr'><strong>magna,</strong></span> <span class='ocrx_word' id='word_1_79' title='bbox 952 1341 1178 1401; x_wconf 83' lang='lat' dir='ltr'><strong>innumerabilia</strong></span> <span class='ocrx_word' id='word_1_80' title='bbox 1191 1343 1380 1419; x_wconf 86' lang='lat' dir='ltr'><strong>parentibus,</strong></span> <span class='ocrx_word' id='word_1_81' title='bbox 1398 1347 1525 1406; x_wconf 82' lang='lat' dir='ltr'><strong>maxima</strong></span> <span class='ocrx_word' id='word_1_82' title='bbox 1538 1367 1622 1426; x_wconf 89' lang='lat' dir='ltr'><strong>prac-</strong></span> 
     </span>
     <span class='ocr_line' id='line_1_10' title="bbox 390 1437 1620 1521; baseline 0.007 -21"><span class='ocrx_word' id='word_1_83' title='bbox 390 1439 569 1518; x_wconf 89' lang='lat' dir='ltr'><strong>ceptoribus</strong></span> <span class='ocrx_word' id='word_1_84' title='bbox 583 1441 693 1500; x_wconf 89' lang='lat' dir='ltr'><strong>uostris</strong></span> <span class='ocrx_word' id='word_1_85' title='bbox 703 1437 975 1514; x_wconf 88' lang='lat' dir='ltr'><strong>debeamus,omnia</strong></span> <span class='ocrx_word' id='word_1_86' title='bbox 987 1439 1075 1499; x_wconf 93' lang='lat' dir='ltr'><strong>modo</strong></span> <span class='ocrx_word' id='word_1_87' title='bbox 1091 1439 1143 1499; x_wconf 87' lang='lat' dir='ltr'><strong>tibi</strong></span> <span class='ocrx_word' id='word_1_88' title='bbox 1157 1441 1428 1520; x_wconf 86' lang='lat' dir='ltr'><strong>profitemur,quod</strong></span> <span class='ocrx_word' id='word_1_89' title='bbox 1440 1462 1519 1521; x_wconf 87' lang='lat' dir='ltr'><strong>quae</strong></span> <span class='ocrx_word' id='word_1_90' title='bbox 1531 1451 1620 1509; x_wconf 90' lang='lat' dir='ltr'><strong>antea</strong></span> 
     </span>
     <span class='ocr_line' id='line_1_11' title="bbox 390 1534 1617 1622; baseline 0.008 -27"><span class='ocrx_word' id='word_1_91' title='bbox 390 1536 510 1615; x_wconf 79' lang='lat' dir='ltr'><strong>singula</strong></span> <span class='ocrx_word' id='word_1_92' title='bbox 524 1536 563 1597; x_wconf 93' lang='lat' dir='ltr'><strong>ab</strong></span> <span class='ocrx_word' id='word_1_93' title='bbox 578 1535 634 1595; x_wconf 90' lang='lat' dir='ltr'><strong>illis</strong></span> <span class='ocrx_word' id='word_1_94' title='bbox 649 1535 834 1597; x_wconf 86' lang='lat' dir='ltr'><strong>obtinuimus</strong></span> <span class='ocrx_word' id='word_1_95' title='bbox 848 1534 1216 1622; x_wconf 81' lang='lat' dir='ltr'><strong>beneficia,uninersa,lua</strong></span> <span class='ocrx_word' id='word_1_96' title='bbox 1229 1539 1492 1618; x_wconf 87' lang='lat' dir='ltr'><strong>scientia,virtule,</strong></span> <span class='ocrx_word' id='word_1_97' title='bbox 1508 1548 1617 1605; x_wconf 90' lang='lat' dir='ltr'><strong>aucto-</strong></span> 
     </span>
     <span class='ocr_line' id='line_1_12' title="bbox 389 1631 1618 1718; baseline 0.008 -26"><span class='ocrx_word' id='word_1_98' title='bbox 389 1635 481 1692; x_wconf 83' lang='lat' dir='ltr'><strong>ritate</strong></span> <span class='ocrx_word' id='word_1_99' title='bbox 498 1632 688 1693; x_wconf 80' lang='lat' dir='ltr'><strong>retinuimus.</strong></span> <span class='ocrx_word' id='word_1_100' title='bbox 700 1631 726 1692; x_wconf 89' lang='lat'>0</span> <span class='ocrx_word' id='word_1_101' title='bbox 739 1650 830 1713; x_wconf 82' lang='lat' dir='ltr'><strong>quam</strong></span> <span class='ocrx_word' id='word_1_102' title='bbox 851 1634 922 1693; x_wconf 91' lang='lat' dir='ltr'><strong>olim</strong></span> <span class='ocrx_word' id='word_1_103' title='bbox 938 1632 1023 1693; x_wconf 90' lang='lat' dir='ltr'><strong>nobis</strong></span> <span class='ocrx_word' id='word_1_104' title='bbox 1037 1633 1162 1708; x_wconf 86' lang='lat' dir='ltr'><strong>intensa,</strong></span> <span class='ocrx_word' id='word_1_105' title='bbox 1176 1640 1238 1696; x_wconf 89' lang='lat' dir='ltr'><strong>tam</strong></span> <span class='ocrx_word' id='word_1_106' title='bbox 1254 1654 1331 1697; x_wconf 91' lang='lat' dir='ltr'><strong>nunc</strong></span> <span class='ocrx_word' id='word_1_107' title='bbox 1344 1637 1479 1718; x_wconf 88' lang='lat' dir='ltr'><strong>jucunda</strong></span> <span class='ocrx_word' id='word_1_108' title='bbox 1496 1645 1618 1702; x_wconf 86' lang='lat' dir='ltr'><strong>nostrae</strong></span> 
     </span>
     <span class='ocr_line' id='line_1_13' title="bbox 387 1729 1619 1818; baseline 0.009 -27"><span class='ocrx_word' id='word_1_109' title='bbox 387 1731 474 1791; x_wconf 90' lang='lat' dir='ltr'><strong>urbis</strong></span> <span class='ocrx_word' id='word_1_110' title='bbox 489 1729 633 1806; x_wconf 89' lang='lat' dir='ltr'><strong>pericula,</strong></span> <span class='ocrx_word' id='word_1_111' title='bbox 647 1747 664 1789; x_wconf 94' lang='lat' dir='ltr'><strong>a</strong></span> <span class='ocrx_word' id='word_1_112' title='bbox 676 1730 786 1807; x_wconf 89' lang='lat' dir='ltr'><strong>quibus</strong></span> <span class='ocrx_word' id='word_1_113' title='bbox 799 1735 883 1792; x_wconf 89' lang='lat' dir='ltr'><strong>tanto</strong></span> <span class='ocrx_word' id='word_1_114' title='bbox 893 1731 1018 1792; x_wconf 88' lang='lat' dir='ltr'><strong>Numine</strong></span> <span class='ocrx_word' id='word_1_115' title='bbox 1034 1732 1163 1808; x_wconf 89' lang='lat' dir='ltr'><strong>liberati,</strong></span> <span class='ocrx_word' id='word_1_116' title='bbox 1179 1735 1341 1796; x_wconf 82' lang='lat' dir='ltr'><strong>incredibili</strong></span> <span class='ocrx_word' id='word_1_117' title='bbox 1354 1739 1483 1813; x_wconf 88' lang='lat' dir='ltr'><strong>quadam</strong></span> <span class='ocrx_word' id='word_1_118' title='bbox 1497 1757 1532 1799; x_wconf 93' lang='lat' dir='ltr'><strong>ac</strong></span> <span class='ocrx_word' id='word_1_119' title='bbox 1549 1756 1619 1818; x_wconf 91' lang='lat' dir='ltr'><strong>pae-</strong></span> 
     </span>
     <span class='ocr_line' id='line_1_14' title="bbox 386 1823 1616 1904; baseline 0.008 -20"><span class='ocrx_word' id='word_1_120' title='bbox 386 1843 423 1885; x_wconf 88' lang='lat' dir='ltr'><strong>ne</strong></span> <span class='ocrx_word' id='word_1_121' title='bbox 437 1823 536 1883; x_wconf 84' lang='lat' dir='ltr'><strong>divina</strong></span> <span class='ocrx_word' id='word_1_122' title='bbox 553 1823 675 1899; x_wconf 84' lang='lat' dir='ltr'><strong>laetitia,</strong></span> <span class='ocrx_word' id='word_1_123' title='bbox 693 1825 906 1900; x_wconf 80' lang='lat' dir='ltr'><strong>voluntateque</strong></span> <span class='ocrx_word' id='word_1_124' title='bbox 928 1824 1077 1884; x_wconf 86' lang='lat' dir='ltr'><strong>lruimurl</strong></span> <span class='ocrx_word' id='word_1_125' title='bbox 1104 1828 1218 1886; x_wconf 79' lang='lat' dir='ltr'><strong>Etenim</strong></span> <span class='ocrx_word' id='word_1_126' title='bbox 1238 1828 1418 1904; x_wconf 75' lang='lat' dir='ltr'><strong>optimarum</strong></span> <span class='ocrx_word' id='word_1_127' title='bbox 1442 1832 1616 1894; x_wconf 87' lang='lat' dir='ltr'><strong>litterarum</strong></span> 
     </span>
     <span class='ocr_line' id='line_1_15' title="bbox 385 1923 1616 2000; baseline 0.008 -19"><span class='ocrx_word' id='word_1_128' title='bbox 385 1923 487 1984; x_wconf 89' lang='lat' dir='ltr'><strong>studia</strong></span> <span class='ocrx_word' id='word_1_129' title='bbox 502 1923 587 1984; x_wconf 93' lang='lat' dir='ltr'><strong>nobis</strong></span> <span class='ocrx_word' id='word_1_130' title='bbox 602 1941 721 2000; x_wconf 84' lang='lat' dir='ltr'><strong>semper</strong></span> <span class='ocrx_word' id='word_1_131' title='bbox 731 1923 892 1983; x_wconf 85' lang='lat' dir='ltr'><strong>clarissima</strong></span> <span class='ocrx_word' id='word_1_132' title='bbox 909 1924 968 1982; x_wconf 86' lang='lat' dir='ltr'><strong>uisa</strong></span> <span class='ocrx_word' id='word_1_133' title='bbox 982 1929 1068 1993; x_wconf 65' lang='lat' dir='ltr'><strong>sunt,</strong></span> <span class='ocrx_word' id='word_1_134' title='bbox 1085 1926 1156 1983; x_wconf 82' lang='lat' dir='ltr'><strong>baec</strong></span> <span class='ocrx_word' id='word_1_135' title='bbox 1169 1934 1265 1985; x_wconf 89' lang='lat' dir='ltr'><strong>tamen</strong></span> <span class='ocrx_word' id='word_1_136' title='bbox 1278 1927 1453 1987; x_wconf 81' lang='lat' dir='ltr'><strong>continuata</strong></span> <span class='ocrx_word' id='word_1_137' title='bbox 1468 1928 1616 1991; x_wconf 90' lang='lat' dir='ltr'><strong>illustrio-</strong></span> 
     </span>
     <span class='ocr_line' id='line_1_16' title="bbox 384 2021 1614 2100; baseline 0.004 -18"><span class='ocrx_word' id='word_1_138' title='bbox 384 2040 418 2082; x_wconf 88' lang='lat' dir='ltr'><strong>ra</strong></span> <span class='ocrx_word' id='word_1_139' title='bbox 434 2023 588 2100; x_wconf 86' lang='lat' dir='ltr'><strong>ridentur,</strong></span> <span class='ocrx_word' id='word_1_140' title='bbox 599 2038 689 2098; x_wconf 89' lang='lat' dir='ltr'><strong>quam</strong></span> <span class='ocrx_word' id='word_1_141' title='bbox 703 2021 727 2079; x_wconf 91' lang='lat' dir='ltr'><strong>si</strong></span> <span class='ocrx_word' id='word_1_142' title='bbox 744 2039 838 2096; x_wconf 88' lang='lat' dir='ltr'><strong>paene</strong></span> <span class='ocrx_word' id='word_1_143' title='bbox 852 2023 1013 2082; x_wconf 88' lang='lat' dir='ltr'><strong>obscurata</strong></span> <span class='ocrx_word' id='word_1_144' title='bbox 1028 2038 1084 2080; x_wconf 92' lang='lat' dir='ltr'><strong>nou</strong></span> <span class='ocrx_word' id='word_1_145' title='bbox 1096 2026 1208 2084; x_wconf 86' lang='lat' dir='ltr'><strong>essent.</strong></span> <span class='ocrx_word' id='word_1_146' title='bbox 1228 2023 1319 2082; x_wconf 86' lang='lat' dir='ltr'><strong>Dulce</strong></span> <span class='ocrx_word' id='word_1_147' title='bbox 1335 2029 1384 2083; x_wconf 78' lang='lat' dir='ltr'><strong>est</strong></span> <span class='ocrx_word' id='word_1_148' title='bbox 1400 2031 1542 2100; x_wconf 88' lang='lat' dir='ltr'><strong>parentes</strong></span> <span class='ocrx_word' id='word_1_149' title='bbox 1558 2030 1614 2087; x_wconf 88' lang='lat' dir='ltr'><strong>lra-</strong></span> 
     </span>
     <span class='ocr_line' id='line_1_17' title="bbox 384 2118 1609 2198; baseline 0.004 -17"><span class='ocrx_word' id='word_1_150' title='bbox 384 2122 468 2192; x_wconf 88' lang='lat' dir='ltr'><strong>bcre,</strong></span> <span class='ocrx_word' id='word_1_151' title='bbox 487 2119 747 2190; x_wconf 72' lang='lat' dir='ltr'><strong>uxoresducere,</strong></span> <span class='ocrx_word' id='word_1_152' title='bbox 765 2118 842 2179; x_wconf 88' lang='lat' dir='ltr'><strong>lilios</strong></span> <span class='ocrx_word' id='word_1_153' title='bbox 863 2119 1034 2196; x_wconf 68' lang='lat' dir='ltr'><strong>susciperer</strong></span> <span class='ocrx_word' id='word_1_154' title='bbox 1050 2124 1081 2178; x_wconf 92' lang='lat' dir='ltr'><strong>al</strong></span> <span class='ocrx_word' id='word_1_155' title='bbox 1108 2137 1163 2179; x_wconf 89' lang='lat' dir='ltr'><strong>non</strong></span> <span class='ocrx_word' id='word_1_156' title='bbox 1186 2127 1263 2180; x_wconf 90' lang='lat' dir='ltr'><strong>tanta</strong></span> <span class='ocrx_word' id='word_1_157' title='bbox 1278 2123 1430 2198; x_wconf 86' lang='lat' dir='ltr'><strong>voluptate</strong></span> <span class='ocrx_word' id='word_1_158' title='bbox 1449 2122 1498 2182; x_wconf 88' lang='lat' dir='ltr'><strong>isli</strong></span> <span class='ocrx_word' id='word_1_159' title='bbox 1525 2126 1609 2187; x_wconf 91' lang='lat' dir='ltr'><strong>nobis</strong></span> 
     </span>
     <span class='ocr_line' id='line_1_18' title="bbox 382 2214 1610 2293; baseline 0.005 -19"><span class='ocrx_word' id='word_1_160' title='bbox 382 2217 598 2293; x_wconf 85' lang='lat' dir='ltr'><strong>acquiruntur,</strong></span> <span class='ocrx_word' id='word_1_161' title='bbox 613 2230 715 2288; x_wconf 89' lang='lat' dir='ltr'><strong>quam,</strong></span> <span class='ocrx_word' id='word_1_162' title='bbox 734 2230 826 2290; x_wconf 89' lang='lat' dir='ltr'><strong>quum</strong></span> <span class='ocrx_word' id='word_1_163' title='bbox 842 2214 978 2289; x_wconf 78' lang='lat' dir='ltr'><strong>acquisiti</strong></span> <span class='ocrx_word' id='word_1_164' title='bbox 992 2231 1027 2272; x_wconf 89' lang='lat' dir='ltr'><strong>ac</strong></span> <span class='ocrx_word' id='word_1_165' title='bbox 1039 2231 1132 2292; x_wconf 86' lang='lat' dir='ltr'><strong>prope</strong></span> <span class='ocrx_word' id='word_1_166' title='bbox 1146 2215 1293 2290; x_wconf 78' lang='lat' dir='ltr'><strong>deperditi</strong></span> <span class='ocrx_word' id='word_1_167' title='bbox 1309 2216 1529 2279; x_wconf 88' lang='lat' dir='ltr'><strong>restituuntur:</strong></span> <span class='ocrx_word' id='word_1_168' title='bbox 1548 2235 1610 2280; x_wconf 91' lang='lat' dir='ltr'><strong>ma·</strong></span> 
     </span>
     <span class='ocr_line' id='line_1_19' title="bbox 382 2307 1603 2388; baseline 0.005 -20"><span class='ocrx_word' id='word_1_169' title='bbox 382 2325 471 2382; x_wconf 72' lang='lat' dir='ltr'><strong>gnam</strong></span> <span class='ocrx_word' id='word_1_170' title='bbox 491 2324 540 2367; x_wconf 89' lang='lat' dir='ltr'><strong>res</strong></span> <span class='ocrx_word' id='word_1_171' title='bbox 553 2307 708 2367; x_wconf 77' lang='lat' dir='ltr'><strong>familiaris</strong></span> <span class='ocrx_word' id='word_1_172' title='bbox 723 2323 777 2367; x_wconf 87' lang='lat' dir='ltr'><strong>sua</strong></span> <span class='ocrx_word' id='word_1_173' title='bbox 788 2308 896 2383; x_wconf 88' lang='lat' dir='ltr'><strong>cuique</strong></span> <span class='ocrx_word' id='word_1_174' title='bbox 911 2308 1136 2368; x_wconf 85' lang='lat' dir='ltr'><strong>delectationem</strong></span> <span class='ocrx_word' id='word_1_175' title='bbox 1151 2307 1255 2380; x_wconf 75' lang='lat' dir='ltr'><strong>alieri,</strong></span> <span class='ocrx_word' id='word_1_176' title='bbox 1272 2308 1471 2371; x_wconf 88' lang='lat' dir='ltr'><strong>incredibilem</strong></span> <span class='ocrx_word' id='word_1_177' title='bbox 1488 2313 1603 2388; x_wconf 89' lang='lat' dir='ltr'><strong>publica</strong></span> 
     </span>
     <span class='ocr_line' id='line_1_20' title="bbox 380 2401 1611 2485; baseline 0.006 -25"><span class='ocrx_word' id='word_1_178' title='bbox 380 2402 457 2460; x_wconf 91' lang='lat' dir='ltr'><strong>bona</strong></span> <span class='ocrx_word' id='word_1_179' title='bbox 483 2401 628 2459; x_wconf 82' lang='lat' dir='ltr'><strong>laetitiam</strong></span> <span class='ocrx_word' id='word_1_180' title='bbox 659 2401 831 2475; x_wconf 76' lang='lat' dir='ltr'><strong>coutinent3</strong></span> <span class='ocrx_word' id='word_1_181' title='bbox 864 2403 1023 2464; x_wconf 80' lang='lat' dir='ltr'><strong>maximam</strong></span> <span class='ocrx_word' id='word_1_182' title='bbox 1049 2401 1111 2478; x_wconf 84' lang='lat' dir='ltr'><strong>ipsa</strong></span> <span class='ocrx_word' id='word_1_183' title='bbox 1137 2403 1234 2479; x_wconf 88' lang='lat' dir='ltr'><strong>patria</strong></span> <span class='ocrx_word' id='word_1_184' title='bbox 1260 2404 1419 2465; x_wconf 87' lang='lat' dir='ltr'><strong>caritatem</strong></span> <span class='ocrx_word' id='word_1_185' title='bbox 1442 2407 1611 2485; x_wconf 87' lang='lat' dir='ltr'><strong>volumpta-</strong></span> 
     </span>
     <span class='ocr_line' id='line_1_21' title="bbox 381 2497 1609 2581; baseline 0.006 -23"><span class='ocrx_word' id='word_1_186' title='bbox 381 2504 511 2575; x_wconf 83' lang='lat' dir='ltr'><strong>temque</strong></span> <span class='ocrx_word' id='word_1_187' title='bbox 540 2513 610 2572; x_wconf 87' lang='lat' dir='ltr'><strong>prae</strong></span> <span class='ocrx_word' id='word_1_188' title='bbox 636 2513 670 2556; x_wconf 90' lang='lat' dir='ltr'><strong>se</strong></span> <span class='ocrx_word' id='word_1_189' title='bbox 686 2497 757 2559; x_wconf 87' lang='lat' dir='ltr'><strong>lert:</strong></span> <span class='ocrx_word' id='word_1_190' title='bbox 774 2501 806 2558; x_wconf 90' lang='lat' dir='ltr'><strong>al</strong></span> <span class='ocrx_word' id='word_1_191' title='bbox 832 2500 905 2558; x_wconf 89' lang='lat' dir='ltr'><strong>haec</strong></span> <span class='ocrx_word' id='word_1_192' title='bbox 919 2505 1031 2575; x_wconf 91' lang='lat' dir='ltr'><strong>quanta</strong></span> <span class='ocrx_word' id='word_1_193' title='bbox 1047 2501 1118 2578; x_wconf 87' lang='lat' dir='ltr'><strong>sint,</strong></span> <span class='ocrx_word' id='word_1_194' title='bbox 1137 2517 1214 2560; x_wconf 93' lang='lat' dir='ltr'><strong>nunc</strong></span> <span class='ocrx_word' id='word_1_195' title='bbox 1240 2500 1357 2562; x_wconf 84' lang='lat' dir='ltr'><strong>landem</strong></span> <span class='ocrx_word' id='word_1_196' title='bbox 1385 2520 1439 2562; x_wconf 91' lang='lat' dir='ltr'><strong>nos</strong></span> <span class='ocrx_word' id='word_1_197' title='bbox 1454 2507 1609 2581; x_wconf 85' lang='lat' dir='ltr'><strong>nostrique</strong></span> 
     </span>
     <span class='ocr_line' id='line_1_22' title="bbox 380 2588 1612 2673; baseline 0.009 -23"><span class='ocrx_word' id='word_1_198' title='bbox 380 2607 487 2651; x_wconf 87' lang='lat' dir='ltr'><strong>ornnes</strong></span> <span class='ocrx_word' id='word_1_199' title='bbox 502 2588 624 2666; x_wconf 83' lang='lat' dir='ltr'><strong>experti</strong></span> <span class='ocrx_word' id='word_1_200' title='bbox 639 2605 764 2651; x_wconf 89' lang='lat' dir='ltr'><strong>sumus:</strong></span> <span class='ocrx_word' id='word_1_201' title='bbox 782 2609 851 2652; x_wconf 89' lang='lat' dir='ltr'><strong>curn</strong></span> <span class='ocrx_word' id='word_1_202' title='bbox 866 2609 899 2651; x_wconf 89' lang='lat' dir='ltr'><strong>ea</strong></span> <span class='ocrx_word' id='word_1_203' title='bbox 916 2591 954 2650; x_wconf 90' lang='lat' dir='ltr'><strong>sit</strong></span> <span class='ocrx_word' id='word_1_204' title='bbox 970 2593 1167 2653; x_wconf 88' lang='lat' dir='ltr'><strong>bumanorum</strong></span> <span class='ocrx_word' id='word_1_205' title='bbox 1184 2595 1329 2656; x_wconf 89' lang='lat' dir='ltr'><strong>bonorum</strong></span> <span class='ocrx_word' id='word_1_206' title='bbox 1341 2598 1484 2673; x_wconf 89' lang='lat' dir='ltr'><strong>conditio,</strong></span> <span class='ocrx_word' id='word_1_207' title='bbox 1504 2604 1537 2659; x_wconf 91' lang='lat' dir='ltr'><strong>ut</strong></span> <span class='ocrx_word' id='word_1_208' title='bbox 1551 2618 1612 2661; x_wconf 90' lang='lat' dir='ltr'><strong>ma-</strong></span> 
     </span>
     <span class='ocr_line' id='line_1_23' title="bbox 379 2686 1611 2776; baseline 0.011 -28"><span class='ocrx_word' id='word_1_209' title='bbox 379 2692 425 2768; x_wconf 76' lang='lat' dir='ltr'><strong>gis</strong></span> <span class='ocrx_word' id='word_1_210' title='bbox 441 2688 544 2766; x_wconf 89' lang='lat' dir='ltr'><strong>aliqua</strong></span> <span class='ocrx_word' id='word_1_211' title='bbox 559 2686 719 2748; x_wconf 77' lang='lat' dir='ltr'><strong>offensione</strong></span> <span class='ocrx_word' id='word_1_212' title='bbox 736 2688 915 2766; x_wconf 88' lang='lat' dir='ltr'><strong>inlerrnpla,</strong></span> <span class='ocrx_word' id='word_1_213' title='bbox 928 2709 1019 2771; x_wconf 91' lang='lat' dir='ltr'><strong>quam</strong></span> <span class='ocrx_word' id='word_1_214' title='bbox 1035 2694 1184 2767; x_wconf 90' lang='lat' dir='ltr'><strong>aequabili</strong></span> <span class='ocrx_word' id='word_1_215' title='bbox 1196 2699 1398 2771; x_wconf 90' lang='lat' dir='ltr'><strong>perpetuaque</strong></span> <span class='ocrx_word' id='word_1_216' title='bbox 1412 2697 1529 2758; x_wconf 90' lang='lat' dir='ltr'><strong>lortuna</strong></span> <span class='ocrx_word' id='word_1_217' title='bbox 1544 2719 1611 2776; x_wconf 88' lang='lat' dir='ltr'><strong>per·</strong></span> 
     </span>
     <span class='ocr_line' id='line_1_24' title="bbox 377 2783 1607 2867; baseline 0.004 -20"><span class='ocrx_word' id='word_1_218' title='bbox 377 2790 467 2862; x_wconf 85' lang='lat' dir='ltr'><strong>cepta</strong></span> <span class='ocrx_word' id='word_1_219' title='bbox 484 2784 652 2848; x_wconf 88' lang='lat' dir='ltr'><strong>delectent.</strong></span> <span class='ocrx_word' id='word_1_220' title='bbox 669 2783 727 2845; x_wconf 82' lang='lat' dir='ltr'><strong>Nec</strong></span> <span class='ocrx_word' id='word_1_221' title='bbox 742 2789 824 2845; x_wconf 89' lang='lat' dir='ltr'><strong>certe</strong></span> <span class='ocrx_word' id='word_1_222' title='bbox 838 2787 982 2845; x_wconf 88' lang='lat' dir='ltr'><strong>minorem</strong></span> <span class='ocrx_word' id='word_1_223' title='bbox 1003 2784 1221 2861; x_wconf 76' lang='lat' dir='ltr'><strong>delectationis,</strong></span> <span class='ocrx_word' id='word_1_224' title='bbox 1238 2785 1371 2849; x_wconf 82' lang='lat' dir='ltr'><strong>laetitiae</strong></span> <span class='ocrx_word' id='word_1_225' title='bbox 1393 2808 1428 2850; x_wconf 91' lang='lat' dir='ltr'><strong>ac</strong></span> <span class='ocrx_word' id='word_1_226' title='bbox 1441 2793 1607 2867; x_wconf 87' lang='lat' dir='ltr'><strong>voluptatis</strong></span> 
     </span>
     <span class='ocr_line' id='line_1_25' title="bbox 380 2880 1606 2958; baseline 0.004 -17"><span class='ocrx_word' id='word_1_227' title='bbox 380 2884 512 2941; x_wconf 86' lang='lat' dir='ltr'><strong>tructurn</strong></span> <span class='ocrx_word' id='word_1_228' title='bbox 526 2885 612 2938; x_wconf 89' lang='lat' dir='ltr'><strong>tanta</strong></span> <span class='ocrx_word' id='word_1_229' title='bbox 628 2887 746 2940; x_wconf 87' lang='lat' dir='ltr'><strong>nostrae</strong></span> <span class='ocrx_word' id='word_1_230' title='bbox 761 2880 846 2940; x_wconf 92' lang='lat' dir='ltr'><strong>urbis</strong></span> <span class='ocrx_word' id='word_1_231' title='bbox 857 2880 1027 2941; x_wconf 87' lang='lat' dir='ltr'><strong>discrimina</strong></span> <span class='ocrx_word' id='word_1_232' title='bbox 1045 2886 1114 2941; x_wconf 89' lang='lat' dir='ltr'><strong>luae</strong></span> <span class='ocrx_word' id='word_1_233' title='bbox 1129 2883 1293 2958; x_wconf 86' lang='lat' dir='ltr'><strong>praestanti</strong></span> <span class='ocrx_word' id='word_1_234' title='bbox 1309 2881 1414 2943; x_wconf 80' lang='lat' dir='ltr'><strong>virtuti</strong></span> <span class='ocrx_word' id='word_1_235' title='bbox 1428 2884 1606 2946; x_wconf 84' lang='lat' dir='ltr'><strong>attulerunt.</strong></span> 
     </span>
     <span class='ocr_line' id='line_1_26' title="bbox 376 2973 1604 3052; baseline 0.003 -18"><span class='ocrx_word' id='word_1_236' title='bbox 376 2978 441 3049; x_wconf 84' lang='lat' dir='ltr'><strong>Quo</strong></span> <span class='ocrx_word' id='word_1_237' title='bbox 466 2990 597 3050; x_wconf 88' lang='lat' dir='ltr'><strong>namque</strong></span> <span class='ocrx_word' id='word_1_238' title='bbox 612 2975 711 3048; x_wconf 91' lang='lat' dir='ltr'><strong>modo,</strong></span> <span class='ocrx_word' id='word_1_239' title='bbox 740 2975 793 3034; x_wconf 91' lang='lat' dir='ltr'><strong>nisi</strong></span> <span class='ocrx_word' id='word_1_240' title='bbox 819 2975 864 3034; x_wconf 92' lang='lat' dir='ltr'><strong>illa</strong></span> <span class='ocrx_word' id='word_1_241' title='bbox 881 2973 1017 3050; x_wconf 87' lang='lat' dir='ltr'><strong>inissent,</strong></span> <span class='ocrx_word' id='word_1_242' title='bbox 1036 2980 1095 3033; x_wconf 84' lang='lat' dir='ltr'><strong>tarn</strong></span> <span class='ocrx_word' id='word_1_243' title='bbox 1121 2976 1200 3034; x_wconf 91' lang='lat' dir='ltr'><strong>clara</strong></span> <span class='ocrx_word' id='word_1_244' title='bbox 1226 2979 1401 3050; x_wconf 89' lang='lat' dir='ltr'><strong>auctoritas,</strong></span> <span class='ocrx_word' id='word_1_245' title='bbox 1417 2978 1604 3052; x_wconf 78' lang='lat' dir='ltr'><strong>providentia</strong></span> 
     </span>
     <span class='ocr_line' id='line_1_27' title="bbox 378 3068 1604 3145; baseline 0.001 -17"><span class='ocrx_word' id='word_1_246' title='bbox 378 3075 437 3130; x_wconf 84' lang='lat' dir='ltr'><strong>taur</strong></span> <span class='ocrx_word' id='word_1_247' title='bbox 452 3071 544 3142; x_wconf 90' lang='lat' dir='ltr'><strong>mira,</strong></span> <span class='ocrx_word' id='word_1_248' title='bbox 558 3075 619 3128; x_wconf 85' lang='lat' dir='ltr'><strong>tarn</strong></span> <span class='ocrx_word' id='word_1_249' title='bbox 640 3068 819 3130; x_wconf 89' lang='lat' dir='ltr'><strong>incredibilis</strong></span> <span class='ocrx_word' id='word_1_250' title='bbox 830 3070 916 3129; x_wconf 88' lang='lat' dir='ltr'><strong>aninri</strong></span> <span class='ocrx_word' id='word_1_251' title='bbox 936 3069 1094 3139; x_wconf 87' lang='lat' dir='ltr'><strong>lortitndo,</strong></span> <span class='ocrx_word' id='word_1_252' title='bbox 1110 3069 1268 3144; x_wconf 90' lang='lat' dir='ltr'><strong>prudentia</strong></span> <span class='ocrx_word' id='word_1_253' title='bbox 1284 3072 1344 3128; x_wconf 89' lang='lat' dir='ltr'><strong>tam</strong></span> <span class='ocrx_word' id='word_1_254' title='bbox 1357 3069 1478 3145; x_wconf 84' lang='lat' dir='ltr'><strong>eximia,</strong></span> <span class='ocrx_word' id='word_1_255' title='bbox 1494 3071 1604 3131; x_wconf 90' lang='lat' dir='ltr'><strong>doctri·</strong></span> 
     </span>
     <span class='ocr_line' id='line_1_28' title="bbox 377 3160 1605 3241; baseline 0 -17"><span class='ocrx_word' id='word_1_256' title='bbox 377 3183 412 3226; x_wconf 90' lang='lat' dir='ltr'><strong>na</strong></span> <span class='ocrx_word' id='word_1_257' title='bbox 433 3170 498 3226; x_wconf 91' lang='lat' dir='ltr'><strong>tam</strong></span> <span class='ocrx_word' id='word_1_258' title='bbox 514 3163 675 3241; x_wconf 82' lang='lat' dir='ltr'><strong>singularis</strong></span> <span class='ocrx_word' id='word_1_259' title='bbox 697 3167 858 3228; x_wconf 81' lang='lat' dir='ltr'><strong>maximum</strong></span> <span class='ocrx_word' id='word_1_260' title='bbox 874 3180 1012 3240; x_wconf 84' lang='lat' dir='ltr'><strong>quaeque</strong></span> <span class='ocrx_word' id='word_1_261' title='bbox 1028 3163 1074 3223; x_wconf 89' lang='lat' dir='ltr'><strong>sui</strong></span> <span class='ocrx_word' id='word_1_262' title='bbox 1089 3163 1236 3238; x_wconf 87' lang='lat' dir='ltr'><strong>specimen</strong></span> <span class='ocrx_word' id='word_1_263' title='bbox 1250 3161 1321 3222; x_wconf 88' lang='lat' dir='ltr'><strong>dare</strong></span> <span class='ocrx_word' id='word_1_264' title='bbox 1336 3160 1511 3239; x_wconf 79' lang='lat' dir='ltr'><strong>potuisset?</strong></span> <span class='ocrx_word' id='word_1_265' title='bbox 1530 3181 1605 3240; x_wconf 91' lang='lat' dir='ltr'><strong>quo·</strong></span> 
     </span>
     <span class='ocr_line' id='line_1_29' title="bbox 376 3255 1603 3334; baseline -0.002 -14"><span class='ocrx_word' id='word_1_266' title='bbox 376 3261 462 3320; x_wconf 88' lang='lat' dir='ltr'><strong>modo</strong></span> <span class='ocrx_word' id='word_1_267' title='bbox 477 3261 575 3319; x_wconf 89' lang='lat' dir='ltr'><strong>omnis</strong></span> <span class='ocrx_word' id='word_1_268' title='bbox 590 3264 642 3318; x_wconf 89' lang='lat' dir='ltr'><strong>tua</strong></span> <span class='ocrx_word' id='word_1_269' title='bbox 659 3258 753 3318; x_wconf 77' lang='lat' dir='ltr'><strong>virtus</strong></span> <span class='ocrx_word' id='word_1_270' title='bbox 768 3258 888 3317; x_wconf 87' lang='lat' dir='ltr'><strong>virtutis</strong></span> <span class='ocrx_word' id='word_1_271' title='bbox 904 3262 1087 3334; x_wconf 87' lang='lat' dir='ltr'><strong>rutnptatem</strong></span> <span class='ocrx_word' id='word_1_272' title='bbox 1108 3257 1257 3333; x_wconf 85' lang='lat' dir='ltr'><strong>cepisset,</strong></span> <span class='ocrx_word' id='word_1_273' title='bbox 1271 3274 1349 3334; x_wconf 89' lang='lat' dir='ltr'><strong>qaae</strong></span> <span class='ocrx_word' id='word_1_274' title='bbox 1363 3255 1391 3316; x_wconf 91' lang='lat' dir='ltr'><strong>in</strong></span> <span class='ocrx_word' id='word_1_275' title='bbox 1410 3257 1473 3333; x_wconf 93' lang='lat' dir='ltr'><strong>ipsa</strong></span> <span class='ocrx_word' id='word_1_276' title='bbox 1491 3257 1603 3318; x_wconf 84' lang='lat' dir='ltr'><strong>uirtute</strong></span> 
     </span>
     <span class='ocr_line' id='line_1_30' title="bbox 378 3349 1601 3419; baseline 0 -5"><span class='ocrx_word' id='word_1_277' title='bbox 378 3356 546 3419; x_wconf 79' lang='lat' dir='ltr'><strong>exercenda</strong></span> <span class='ocrx_word' id='word_1_278' title='bbox 571 3359 620 3414; x_wconf 90' lang='lat' dir='ltr'><strong>est</strong></span> <span class='ocrx_word' id='word_1_279' title='bbox 631 3349 802 3415; x_wconf 85' lang='lat' dir='ltr'><strong>collocata?</strong></span> <span class='ocrx_word' id='word_1_280' title='bbox 819 3356 924 3414; x_wconf 89' lang='lat' dir='ltr'><strong>Verum</strong></span> <span class='ocrx_word' id='word_1_281' title='bbox 949 3355 1043 3414; x_wconf 86' lang='lat' dir='ltr'><strong>tantis</strong></span> <span class='ocrx_word' id='word_1_282' title='bbox 1058 3354 1222 3413; x_wconf 84' lang='lat' dir='ltr'><strong>virtutibus</strong></span> <span class='ocrx_word' id='word_1_283' title='bbox 1244 3358 1327 3412; x_wconf 89' lang='lat' dir='ltr'><strong>tanta</strong></span> <span class='ocrx_word' id='word_1_284' title='bbox 1344 3352 1485 3414; x_wconf 82' lang='lat' dir='ltr'><strong>beneficia</strong></span> <span class='ocrx_word' id='word_1_285' title='bbox 1503 3354 1529 3412; x_wconf 93' lang='lat' dir='ltr'><strong>in</strong></span> <span class='ocrx_word' id='word_1_286' title='bbox 1545 3373 1601 3414; x_wconf 87' lang='lat' dir='ltr'><strong>uos</strong></span> 
     </span>
     <span class='ocr_line' id='line_1_31' title="bbox 378 3447 1596 3530; baseline 0 -18"><span class='ocrx_word' id='word_1_287' title='bbox 378 3471 478 3514; x_wconf 81' lang='lat' dir='ltr'><strong>ornnes</strong></span> <span class='ocrx_word' id='word_1_288' title='bbox 494 3454 604 3514; x_wconf 91' lang='lat' dir='ltr'><strong>collata</strong></span> <span class='ocrx_word' id='word_1_289' title='bbox 616 3452 727 3529; x_wconf 88' lang='lat' dir='ltr'><strong>quibus</strong></span> <span class='ocrx_word' id='word_1_290' title='bbox 738 3454 843 3515; x_wconf 86' lang='lat' dir='ltr'><strong>officiis</strong></span> <span class='ocrx_word' id='word_1_291' title='bbox 858 3454 1114 3513; x_wconf 88' lang='lat' dir='ltr'><strong>remunerabimur</strong></span> <span class='ocrx_word' id='word_1_292' title='bbox 1125 3447 1144 3510; x_wconf 77' lang='lat' dir='ltr'><strong>‘i</strong></span> <span class='ocrx_word' id='word_1_293' title='bbox 1157 3452 1276 3529; x_wconf 88' lang='lat' dir='ltr'><strong>quando</strong></span> <span class='ocrx_word' id='word_1_294' title='bbox 1287 3470 1388 3530; x_wconf 90' lang='lat' dir='ltr'><strong>parem</strong></span> <span class='ocrx_word' id='word_1_295' title='bbox 1403 3454 1532 3530; x_wconf 79' lang='lat' dir='ltr'><strong>gratiani</strong></span> <span class='ocrx_word' id='word_1_296' title='bbox 1549 3471 1596 3512; x_wconf 88' lang='lat' dir='ltr'><strong>rc-</strong></span> 
     </span>
     <span class='ocr_line' id='line_1_32' title="bbox 380 3543 1593 3622; baseline -0.003 -13"><span class='ocrx_word' id='word_1_297' title='bbox 380 3543 540 3609; x_wconf 84' lang='lat' dir='ltr'><strong>lcremus‘?</strong></span> <span class='ocrx_word' id='word_1_298' title='bbox 554 3564 611 3606; x_wconf 90' lang='lat' dir='ltr'><strong>nnn</strong></span> <span class='ocrx_word' id='word_1_299' title='bbox 635 3549 694 3617; x_wconf 88' lang='lat' dir='ltr'><strong>cst,</strong></span> <span class='ocrx_word' id='word_1_300' title='bbox 713 3546 837 3622; x_wconf 84' lang='lat' dir='ltr'><strong>ingenue</strong></span> <span class='ocrx_word' id='word_1_301' title='bbox 853 3547 1013 3621; x_wconf 75' lang='lat' dir='ltr'><strong>fateamur,</strong></span> <span class='ocrx_word' id='word_1_302' title='bbox 1031 3550 1159 3619; x_wconf 87' lang='lat' dir='ltr'><strong>nonest,</strong></span> <span class='ocrx_word' id='word_1_303' title='bbox 1187 3549 1220 3603; x_wconf 94' lang='lat' dir='ltr'><strong>ut</strong></span> <span class='ocrx_word' id='word_1_304' title='bbox 1246 3547 1317 3606; x_wconf 87' lang='lat' dir='ltr'><strong>baec</strong></span> <span class='ocrx_word' id='word_1_305' title='bbox 1332 3545 1483 3620; x_wconf 82' lang='lat' dir='ltr'><strong>consequi,</strong></span> <span class='ocrx_word' id='word_1_306' title='bbox 1505 3548 1593 3605; x_wconf 86' lang='lat' dir='ltr'><strong>irnrno</strong></span> 
     </span>
     <span class='ocr_line' id='line_1_33' title="bbox 353 3639 1597 3718; baseline -0.002 -18"><span class='ocrx_word' id='word_1_307' title='bbox 353 3682 356 3692; x_wconf 77' lang='lat'><em>.</em></span> <span class='ocrx_word' id='word_1_308' title='bbox 378 3658 493 3718; x_wconf 86' lang='lat' dir='ltr'><strong>sperare</strong></span> <span class='ocrx_word' id='word_1_309' title='bbox 506 3640 671 3718; x_wconf 87' lang='lat' dir='ltr'><strong>possimus:</strong></span> <span class='ocrx_word' id='word_1_310' title='bbox 684 3642 804 3717; x_wconf 90' lang='lat' dir='ltr'><strong>quaudo</strong></span> <span class='ocrx_word' id='word_1_311' title='bbox 815 3656 849 3699; x_wconf 90' lang='lat' dir='ltr'><strong>ea</strong></span> <span class='ocrx_word' id='word_1_312' title='bbox 863 3657 915 3699; x_wconf 87' lang='lat' dir='ltr'><strong>nos</strong></span> <span class='ocrx_word' id='word_1_313' title='bbox 930 3639 1105 3699; x_wconf 89' lang='lat' dir='ltr'><strong>meritorum</strong></span> <span class='ocrx_word' id='word_1_314' title='bbox 1117 3639 1203 3715; x_wconf 91' lang='lat' dir='ltr'><strong>copia</strong></span> <span class='ocrx_word' id='word_1_315' title='bbox 1214 3639 1384 3714; x_wconf 83' lang='lat' dir='ltr'><strong>devinxisti,</strong></span> <span class='ocrx_word' id='word_1_316' title='bbox 1394 3643 1426 3698; x_wconf 94' lang='lat' dir='ltr'><strong>ul</strong></span> <span class='ocrx_word' id='word_1_317' title='bbox 1439 3655 1494 3698; x_wconf 93' lang='lat' dir='ltr'><strong>non</strong></span> <span class='ocrx_word' id='word_1_318' title='bbox 1509 3639 1597 3698; x_wconf 94' lang='lat' dir='ltr'><strong>modo</strong></span> 
     </span>
     <span class='ocr_line' id='line_1_34' title="bbox 378 3730 1599 3808; baseline 0 -16"><span class='ocrx_word' id='word_1_319' title='bbox 378 3735 470 3793; x_wconf 88' lang='lat' dir='ltr'><strong>nullae</strong></span> <span class='ocrx_word' id='word_1_320' title='bbox 484 3734 522 3793; x_wconf 89' lang='lat' dir='ltr'><strong>ad</strong></span> <span class='ocrx_word' id='word_1_321' title='bbox 550 3731 729 3807; x_wconf 75' lang='lat' dir='ltr'><strong>referendas,</strong></span> <span class='ocrx_word' id='word_1_322' title='bbox 747 3732 834 3792; x_wconf 84' lang='lat' dir='ltr'><strong>inimo</strong></span> <span class='ocrx_word' id='word_1_323' title='bbox 856 3748 892 3791; x_wconf 88' lang='lat' dir='ltr'><strong>ne</strong></span> <span class='ocrx_word' id='word_1_324' title='bbox 911 3731 949 3790; x_wconf 88' lang='lat' dir='ltr'><strong>ud</strong></span> <span class='ocrx_word' id='word_1_325' title='bbox 971 3731 1100 3808; x_wconf 81' lang='lat' dir='ltr'><strong>agendas</strong></span> <span class='ocrx_word' id='word_1_326' title='bbox 1112 3732 1233 3807; x_wconf 88' lang='lat' dir='ltr'><strong>quidem</strong></span> <span class='ocrx_word' id='word_1_327' title='bbox 1260 3748 1313 3807; x_wconf 90' lang='lat' dir='ltr'><strong>pro</strong></span> <span class='ocrx_word' id='word_1_328' title='bbox 1329 3730 1364 3789; x_wconf 89' lang='lat' dir='ltr'><strong>iis</strong></span> <span class='ocrx_word' id='word_1_329' title='bbox 1379 3730 1517 3790; x_wconf 89' lang='lat' dir='ltr'><strong>omnibus</strong></span> <span class='ocrx_word' id='word_1_330' title='bbox 1543 3733 1599 3798; x_wconf 90' lang='lat' dir='ltr'><strong>tibi</strong></span> 
     </span>
     <span class='ocr_line' id='line_1_35' title="bbox 377 3827 1599 3910; baseline -0.005 -18"><span class='ocrx_word' id='word_1_331' title='bbox 377 3835 485 3910; x_wconf 73' lang='lat' dir='ltr'><strong>gratias</strong></span> <span class='ocrx_word' id='word_1_332' title='bbox 510 3831 589 3891; x_wconf 83' lang='lat' dir='ltr'><strong>uires</strong></span> <span class='ocrx_word' id='word_1_333' title='bbox 608 3831 692 3891; x_wconf 89' lang='lat' dir='ltr'><strong>nobis</strong></span> <span class='ocrx_word' id='word_1_334' title='bbox 707 3830 823 3906; x_wconf 88' lang='lat' dir='ltr'><strong>aliquae</strong></span> <span class='ocrx_word' id='word_1_335' title='bbox 838 3833 1010 3906; x_wconf 85' lang='lat' dir='ltr'><strong>suppetant.</strong></span> <span class='ocrx_word' id='word_1_336' title='bbox 1026 3830 1127 3905; x_wconf 90' lang='lat' dir='ltr'><strong>ltaque</strong></span> <span class='ocrx_word' id='word_1_337' title='bbox 1142 3827 1241 3890; x_wconf 88' lang='lat' dir='ltr'><strong>nullus</strong></span> <span class='ocrx_word' id='word_1_338' title='bbox 1258 3834 1361 3889; x_wconf 89' lang='lat' dir='ltr'><strong>nostro</strong></span> <span class='ocrx_word' id='word_1_339' title='bbox 1376 3845 1448 3904; x_wconf 81' lang='lat' dir='ltr'><strong>erga</strong></span> <span class='ocrx_word' id='word_1_340' title='bbox 1464 3831 1495 3886; x_wconf 90' lang='lat' dir='ltr'><strong>te</strong></span> <span class='ocrx_word' id='word_1_341' title='bbox 1510 3834 1599 3904; x_wconf 80' lang='lat' dir='ltr'><strong>grato</strong></span> 
     </span>
     <span class='ocr_line' id='line_1_36' title="bbox 377 3926 1596 4006; baseline -0.005 -17"><span class='ocrx_word' id='word_1_342' title='bbox 377 3932 468 3991; x_wconf 88' lang='lat' dir='ltr'><strong>animo</strong></span> <span class='ocrx_word' id='word_1_343' title='bbox 479 3930 617 4006; x_wconf 83' lang='lat' dir='ltr'><strong>reliquus</strong></span> <span class='ocrx_word' id='word_1_344' title='bbox 629 3927 661 3987; x_wconf 83' lang='lat' dir='ltr'><strong>fit</strong></span> <span class='ocrx_word' id='word_1_345' title='bbox 677 3929 771 3999; x_wconf 90' lang='lat' dir='ltr'><strong>locus,</strong></span> <span class='ocrx_word' id='word_1_346' title='bbox 789 3927 856 3999; x_wconf 91' lang='lat' dir='ltr'><strong>nisi,</strong></span> <span class='ocrx_word' id='word_1_347' title='bbox 870 3927 951 4004; x_wconf 88' lang='lat' dir='ltr'><strong>quod</strong></span> <span class='ocrx_word' id='word_1_348' title='bbox 973 3933 1075 3986; x_wconf 88' lang='lat' dir='ltr'><strong>nostra</strong></span> <span class='ocrx_word' id='word_1_349' title='bbox 1093 3933 1325 4002; x_wconf 87' lang='lat' dir='ltr'><strong>nostrorumque</strong></span> <span class='ocrx_word' id='word_1_350' title='bbox 1347 3926 1478 3983; x_wconf 87' lang='lat' dir='ltr'><strong>onmium</strong></span> <span class='ocrx_word' id='word_1_351' title='bbox 1495 3929 1596 4001; x_wconf 90' lang='lat' dir='ltr'><strong>postc-</strong></span> 
     </span>
     <span class='ocr_line' id='line_1_37' title="bbox 377 4018 1591 4097; baseline -0.005 -16"><span class='ocrx_word' id='word_1_352' title='bbox 377 4040 475 4084; x_wconf 88' lang='lat' dir='ltr'><strong>rorum</strong></span> <span class='ocrx_word' id='word_1_353' title='bbox 500 4022 644 4083; x_wconf 86' lang='lat' dir='ltr'><strong>memoria</strong></span> <span class='ocrx_word' id='word_1_354' title='bbox 659 4021 858 4097; x_wconf 80' lang='lat' dir='ltr'><strong>celeberrima</strong></span> <span class='ocrx_word' id='word_1_355' title='bbox 873 4027 994 4080; x_wconf 87' lang='lat' dir='ltr'><strong>tuorum</strong></span> <span class='ocrx_word' id='word_1_356' title='bbox 1010 4020 1219 4080; x_wconf 79' lang='lat' dir='ltr'><strong>beneficiorum</strong></span> <span class='ocrx_word' id='word_1_357' title='bbox 1245 4018 1321 4077; x_wconf 85' lang='lat' dir='ltr'><strong>lama</strong></span> <span class='ocrx_word' id='word_1_358' title='bbox 1337 4018 1450 4089; x_wconf 87' lang='lat' dir='ltr'><strong>aletur,</strong></span> <span class='ocrx_word' id='word_1_359' title='bbox 1465 4020 1591 4087; x_wconf 82' lang='lat' dir='ltr'><strong>crescet,</strong></span> 
     </span>
     <span class='ocr_line' id='line_1_38' title="bbox 377 4115 1596 4201; baseline -0.007 -21"><span class='ocrx_word' id='word_1_360' title='bbox 377 4127 461 4201; x_wconf 90' lang='lat' dir='ltr'><strong>atque</strong></span> <span class='ocrx_word' id='word_1_361' title='bbox 476 4136 631 4199; x_wconf 86' lang='lat' dir='ltr'><strong>peremne</strong></span> <span class='ocrx_word' id='word_1_362' title='bbox 646 4136 750 4180; x_wconf 85' lang='lat' dir='ltr'><strong>aeuurn</strong></span> <span class='ocrx_word' id='word_1_363' title='bbox 777 4121 988 4181; x_wconf 72' lang='lat' dir='ltr'><strong>inveterascet.</strong></span> <span class='ocrx_word' id='word_1_364' title='bbox 1005 4118 1063 4178; x_wconf 87' lang='lat' dir='ltr'><strong>Nec</strong></span> <span class='ocrx_word' id='word_1_365' title='bbox 1083 4120 1141 4177; x_wconf 87' lang='lat' dir='ltr'><strong>erit</strong></span> <span class='ocrx_word' id='word_1_366' title='bbox 1155 4134 1293 4193; x_wconf 85' lang='lat' dir='ltr'><strong>usquam,</strong></span> <span class='ocrx_word' id='word_1_367' title='bbox 1311 4115 1393 4190; x_wconf 91' lang='lat' dir='ltr'><strong>quod</strong></span> <span class='ocrx_word' id='word_1_368' title='bbox 1409 4117 1528 4173; x_wconf 90' lang='lat' dir='ltr'><strong>nostros</strong></span> <span class='ocrx_word' id='word_1_369' title='bbox 1545 4130 1596 4173; x_wconf 92' lang='lat' dir='ltr'><strong>no-</strong></span> 
     </span>
     <span class='ocr_line' id='line_1_39' title="bbox 377 4206 1594 4292; baseline -0.005 -17"><span class='ocrx_word' id='word_1_370' title='bbox 377 4221 566 4292; x_wconf 87' lang='lat' dir='ltr'><strong>strorumque</strong></span> <span class='ocrx_word' id='word_1_371' title='bbox 576 4213 689 4273; x_wconf 86' lang='lat' dir='ltr'><strong>animos</strong></span> <span class='ocrx_word' id='word_1_372' title='bbox 702 4212 836 4291; x_wconf 80' lang='lat' dir='ltr'><strong>lrangere</strong></span> <span class='ocrx_word' id='word_1_373' title='bbox 849 4213 1063 4273; x_wconf 88' lang='lat' dir='ltr'><strong>autdebilitarc</strong></span> <span class='ocrx_word' id='word_1_374' title='bbox 1074 4228 1203 4286; x_wconf 90' lang='lat' dir='ltr'><strong>unquam</strong></span> <span class='ocrx_word' id='word_1_375' title='bbox 1217 4210 1399 4287; x_wconf 64' lang='lat' dir='ltr'><strong>possitrcuru</strong></span> <span class='ocrx_word' id='word_1_376' title='bbox 1412 4208 1489 4267; x_wconf 91' lang='lat' dir='ltr'><strong>banc</strong></span> <span class='ocrx_word' id='word_1_377' title='bbox 1501 4206 1594 4284; x_wconf 86' lang='lat' dir='ltr'><strong>ipsam</strong></span> 
     </span>
     <span class='ocr_line' id='line_1_40' title="bbox 377 4302 1594 4383; baseline -0.008 -13"><span class='ocrx_word' id='word_1_378' title='bbox 377 4311 475 4372; x_wconf 87' lang='lat' dir='ltr'><strong>urbem</strong></span> <span class='ocrx_word' id='word_1_379' title='bbox 487 4316 612 4370; x_wconf 90' lang='lat' dir='ltr'><strong>luorum</strong></span> <span class='ocrx_word' id='word_1_380' title='bbox 624 4307 834 4369; x_wconf 85' lang='lat' dir='ltr'><strong>beneficiorum</strong></span> <span class='ocrx_word' id='word_1_381' title='bbox 851 4311 959 4366; x_wconf 88' lang='lat' dir='ltr'><strong>testem</strong></span> <span class='ocrx_word' id='word_1_382' title='bbox 975 4307 1195 4383; x_wconf 85' lang='lat' dir='ltr'><strong>apertissimam</strong></span> <span class='ocrx_word' id='word_1_383' title='bbox 1210 4321 1277 4362; x_wconf 88' lang='lat' dir='ltr'><strong>esse</strong></span> <span class='ocrx_word' id='word_1_384' title='bbox 1289 4303 1460 4375; x_wconf 74' lang='lat' dir='ltr'><strong>rideamus,</strong></span> <span class='ocrx_word' id='word_1_385' title='bbox 1477 4302 1594 4376; x_wconf 82' lang='lat' dir='ltr'><strong>quaesi</strong></span> 
     </span>
     <span class='ocr_line' id='line_1_41' title="bbox 376 4398 1594 4485; baseline -0.009 -18"><span class='ocrx_word' id='word_1_386' title='bbox 376 4406 452 4485; x_wconf 90' lang='lat' dir='ltr'><strong>loqui</strong></span> <span class='ocrx_word' id='word_1_387' title='bbox 466 4409 583 4485; x_wconf 84' lang='lat' dir='ltr'><strong>posset,</strong></span> <span class='ocrx_word' id='word_1_388' title='bbox 601 4421 656 4465; x_wconf 91' lang='lat' dir='ltr'><strong>non</strong></span> <span class='ocrx_word' id='word_1_389' title='bbox 671 4405 699 4464; x_wconf 91' lang='lat' dir='ltr'><strong>in</strong></span> <span class='ocrx_word' id='word_1_390' title='bbox 713 4406 812 4479; x_wconf 91' lang='lat' dir='ltr'><strong>aliam,</strong></span> <span class='ocrx_word' id='word_1_391' title='bbox 828 4421 919 4480; x_wconf 88' lang='lat' dir='ltr'><strong>quarn</strong></span> <span class='ocrx_word' id='word_1_392' title='bbox 944 4404 971 4462; x_wconf 91' lang='lat' dir='ltr'><strong>in</strong></span> <span class='ocrx_word' id='word_1_393' title='bbox 988 4404 1061 4461; x_wconf 73' lang='lat' dir='ltr'><strong>branc</strong></span> <span class='ocrx_word' id='word_1_394' title='bbox 1076 4402 1182 4471; x_wconf 77' lang='lat' dir='ltr'><strong>detua</strong></span> <span class='ocrx_word' id='word_1_395' title='bbox 1197 4400 1296 4460; x_wconf 83' lang='lat' dir='ltr'><strong>divina</strong></span> <span class='ocrx_word' id='word_1_396' title='bbox 1311 4398 1512 4460; x_wconf 81' lang='lat' dir='ltr'><strong>munificentia</strong></span> <span class='ocrx_word' id='word_1_397' title='bbox 1526 4414 1594 4456; x_wconf 90' lang='lat' dir='ltr'><strong>ora·</strong></span> 
     </span>
     <span class='ocr_line' id='line_1_42' title="bbox 376 4495 1589 4583; baseline -0.009 -19"><span class='ocrx_word' id='word_1_398' title='bbox 376 4508 480 4568; x_wconf 87' lang='lat' dir='ltr'><strong>tionem</strong></span> <span class='ocrx_word' id='word_1_399' title='bbox 498 4508 719 4583; x_wconf 89' lang='lat' dir='ltr'><strong>prorumperet:</strong></span> <span class='ocrx_word' id='word_1_400' title='bbox 737 4507 786 4562; x_wconf 90' lang='lat' dir='ltr'><strong>lua</strong></span> <span class='ocrx_word' id='word_1_401' title='bbox 799 4503 913 4562; x_wconf 79' lang='lat' dir='ltr'><strong>virtute</strong></span> <span class='ocrx_word' id='word_1_402' title='bbox 929 4504 1001 4561; x_wconf 89' lang='lat' dir='ltr'><strong>baec</strong></span> <span class='ocrx_word' id='word_1_403' title='bbox 1017 4500 1220 4574; x_wconf 85' lang='lat' dir='ltr'><strong>nroenia,buec</strong></span> <span class='ocrx_word' id='word_1_404' title='bbox 1236 4503 1314 4558; x_wconf 89' lang='lat' dir='ltr'><strong>tecta</strong></span> <span class='ocrx_word' id='word_1_405' title='bbox 1330 4496 1400 4556; x_wconf 90' lang='lat' dir='ltr'><strong>uribi</strong></span> <span class='ocrx_word' id='word_1_406' title='bbox 1411 4495 1589 4556; x_wconf 87' lang='lat' dir='ltr'><strong>consistunt:</strong></span> 
     </span>
     <span class='ocr_line' id='line_1_43' title="bbox 376 4588 1591 4670; baseline -0.012 -11"><span class='ocrx_word' id='word_1_407' title='bbox 376 4603 419 4659; x_wconf 85' lang='lat' dir='ltr'><strong>lna</strong></span> <span class='ocrx_word' id='word_1_408' title='bbox 436 4613 560 4658; x_wconf 86' lang='lat' dir='ltr'><strong>munera</strong></span> <span class='ocrx_word' id='word_1_409' title='bbox 583 4600 655 4655; x_wconf 92' lang='lat' dir='ltr'><strong>sunt</strong></span> <span class='ocrx_word' id='word_1_410' title='bbox 670 4593 787 4653; x_wconf 93' lang='lat' dir='ltr'><strong>aedium</strong></span> <span class='ocrx_word' id='word_1_411' title='bbox 805 4593 1012 4670; x_wconf 87' lang='lat' dir='ltr'><strong>pulchritudo,</strong></span> <span class='ocrx_word' id='word_1_412' title='bbox 1030 4593 1183 4670; x_wconf 86' lang='lat' dir='ltr'><strong>regionum</strong></span> <span class='ocrx_word' id='word_1_413' title='bbox 1209 4590 1315 4662; x_wconf 90' lang='lat' dir='ltr'><strong>lurnra,</strong></span> <span class='ocrx_word' id='word_1_414' title='bbox 1333 4588 1511 4663; x_wconf 85' lang='lat' dir='ltr'><strong>templorum</strong></span> <span class='ocrx_word' id='word_1_415' title='bbox 1530 4603 1591 4646; x_wconf 90' lang='lat' dir='ltr'><strong>nra-</strong></span> 
     </span>
    </p>
   </div>
   <div class='ocr_carea' id='block_1_2' title="bbox 372 4687 1591 4873">
    <p class='ocr_par' dir='ltr' id='par_1_2' title="bbox 372 4687 1591 4873">
     <span class='ocr_line' id='line_1_44' title="bbox 373 4687 1591 4772; baseline -0.012 -15"><span class='ocrx_word' id='word_1_416' title='bbox 373 4696 557 4772; x_wconf 77' lang='lat' dir='ltr'><strong>gnilioentia:</strong></span> <span class='ocrx_word' id='word_1_417' title='bbox 579 4699 631 4755; x_wconf 90' lang='lat' dir='ltr'><strong>lua</strong></span> <span class='ocrx_word' id='word_1_418' title='bbox 646 4695 722 4754; x_wconf 91' lang='lat' dir='ltr'><strong>dona</strong></span> <span class='ocrx_word' id='word_1_419' title='bbox 735 4692 897 4754; x_wconf 90' lang='lat' dir='ltr'><strong>incolarum</strong></span> <span class='ocrx_word' id='word_1_420' title='bbox 912 4692 1011 4769; x_wconf 88' lang='lat' dir='ltr'><strong>copia,</strong></span> <span class='ocrx_word' id='word_1_421' title='bbox 1029 4691 1137 4751; x_wconf 87' lang='lat' dir='ltr'><strong>civium</strong></span> <span class='ocrx_word' id='word_1_422' title='bbox 1150 4691 1319 4750; x_wconf 89' lang='lat' dir='ltr'><strong>humanitas</strong></span> <span class='ocrx_word' id='word_1_423' title='bbox 1333 4687 1523 4753; x_wconf 83' lang='lat' dir='ltr'><strong>acductrina,</strong></span> <span class='ocrx_word' id='word_1_424' title='bbox 1544 4703 1591 4743; x_wconf 82' lang='lat' dir='ltr'><strong>rr·</strong></span> 
     </span>
     <span class='ocr_line' id='line_1_45' title="bbox 372 4784 1587 4873; baseline -0.013 -16"><span class='ocrx_word' id='word_1_425' title='bbox 372 4797 419 4873; x_wconf 72' lang='lat' dir='ltr'><strong>gni</strong></span> <span class='ocrx_word' id='word_1_426' title='bbox 432 4796 609 4873; x_wconf 73' lang='lat' dir='ltr'><strong>mgnitaset</strong></span> <span class='ocrx_word' id='word_1_427' title='bbox 624 4795 782 4870; x_wconf 73' lang='lat' dir='ltr'><strong>majestas.</strong></span> <span class='ocrx_word' id='word_1_428' title='bbox 795 4790 894 4859; x_wconf 85' lang='lat' dir='ltr'><strong>erare</strong></span> <span class='ocrx_word' id='word_1_429' title='bbox 905 4790 977 4850; x_wconf 90' lang='lat' dir='ltr'><strong>dum</strong></span> <span class='ocrx_word' id='word_1_430' title='bbox 992 4789 1171 4849; x_wconf 85' lang='lat' dir='ltr'><strong>haecomnia</strong></span> <span class='ocrx_word' id='word_1_431' title='bbox 1186 4788 1256 4847; x_wconf 86' lang='lat' dir='ltr'><strong>mibi</strong></span> <span class='ocrx_word' id='word_1_432' title='bbox 1268 4784 1396 4846; x_wconf 87' lang='lat' dir='ltr'><strong>maxima</strong></span> <span class='ocrx_word' id='word_1_433' title='bbox 1415 4784 1587 4842; x_wconf 88' lang='lat' dir='ltr'><strong>ornamenta</strong></span> 
     </span>
    </p>
   </div>
   <div class='ocr_carea' id='block_1_3' title="bbox 0 0 1976 5592">
    <p class='ocr_par' dir='ltr' id='par_1_3' title="bbox 0 0 1976 5592">
     <span class='ocr_line' id='line_1_46' title="bbox 0 0 1976 5592; baseline 0 9"><span class='ocrx_word' id='word_1_434' title='bbox 0 0 1976 5592; x_wconf 95' lang='lat' dir='ltr'><strong> </strong></span> 
     </span>
    </p>
   </div>
  </div>
 </body>
</html>
