3942 5592
470 599 534 659 Nee
547 605 626 658 cirea
634 598 725 659 uilem
730 599 927 677 potatumque
940 596 1101 656 moraberis
1115 598 1231 669 or¹hern3

471 697 535 757 Ner
547 698 667 759 omium
678 697 765 757 uerbo
776 695 894 755 1111111
907 692 1123 767 reddero‘lldus

466 791 637 871 Interpresr
652 811 705 854 noc
720 793 837 854 desilies
852 793 981 850 imitator
995 795 1027 849 ta
1041 793 1167 866 anitum,

473 882 555 944 Unde
562 887 669 963 podera
679 884 819 962 proferre
828 885 930 962 pudor
941 886 1026 959 uolet,
1040 886 1092 941 out
1106 889 1200 958 operis
1211 884 1271 945 leat.
1477 886 1532 942 1.·»3

467 979 531 1039 Nec
541 983 584 1042 sic
598 983 735 1056 incipies,
748 982 781 1038 ul
792 981 918 1055 sciptor
936 974 1071 1052 Cpclr'eus
1087 975 1175 1033 oltra.-

467 1066 618 1132 Fortonam
631 1070 729 1132 Priami
743 1067 862 1139 canabo.
878 1075 907 1128 et
920 1065 1007 1127 nobile
1022 1064 1134 1127 bellum.

471 1163 554 1238 Quid
562 1168 682 1244 dippum
696 1170 778 1228 tanto
787 1163 861 1241 seret
872 1162 921 1222 hie
927 1167 1092 1240 prornissor
1102 1159 1213 1224 hiatu?

469 1257 642 1317 Par'tarieat
656 1263 776 1334 inmites,
789 1260 928 1317 nascetur·
942 1253 1089 1317 ridiculas
1099 1273 1174 1316 mus.

470 1350 586 1425 011111
596 1357 703 1416 rectius
714 1354 774 1429 lite,
788 1356 842 1430 qui
851 1352 895 1412 aiil
907 1351 1027 1410 molitor
1037 1354 1155 1428 inopte!

475 1444 527 1506 Dic
539 1445 616 1526 mihi,
632 1447 722 1517 Musa,
738 1448 839 1516 virum,
853 1454 946 1524 ceptae
960 1453 1021 1523 post
1034 1451 1152 1522 tempora
1168 1442 1277 1517 Troiae,

477 1541 531 1615 Oui
542 1561 632 1606 mores
647 1542 784 1606 hominum
800 1539 1034 1616 mulierositate,
1051 1549 1080 1601 et
1095 1537 1186 1602 urbes.

471 1637 539 1698 Nou
548 1637 665 1711 sumum
677 1656 718 1699 ex
731 1635 862 1715 salpae,
874 1638 926 1698 sed
938 1652 977 1696 aa
991 1633 1075 1711 sunio
1089 1635 1162 1696 dare
1175 1635 1269 1696 lacera

474 1732 600 1812 Copttot,
610 1738 643 1793 at
653 1737 785 1810 merdosa
799 1732 906 1792 dehine
919 1731 1066 1792 nitraeula
1072 1735 1201 1809 proruat,

470 1826 661 1913 Antiphaten,
678 1829 872 1909 Scyllamque,
886 1831 913 1888 ot
927 1841 993 1884 eunt
1005 1827 1130 1905 Cyclope
1142 1820 1313 1888 charibdin.
1474 1832 1530 1890 113
1551 1885 1553 1889 .
1605 1825 1609 1833 '

312 2008 445 2081 episodia,
462 2008 537 2080 quod
557 2007 649 2079 longa,
664 2021 716 2061 non
732 2004 835 2062 idcirco
849 2008 913 2056 sunt
927 1999 1009 2069 vilia,
1025 2000 1063 2056 uti
1078 2019 1121 2057 ex.
1136 2017 1179 2074 gr.
1196 2001 1240 2058 illa
1253 2004 1380 2076 Torquati
1393 2006 1467 2060 Tassi
1482 2005 1535 2061 duo

312 2096 339 2151 de
354 2097 498 2152 hortorum
518 2094 644 2152 hrmidae
658 2093 780 2165 dettctts,
799 2097 826 2145 et
839 2089 959 2144 Pastoris
973 2088 1006 2144 ad
1021 2089 1166 2143 Erminiam
1181 2105 1269 2146 sermo
1283 2092 1315 2146 do
1330 2095 1447 2148 rusticae
1465 2095 1486 2149 vi
1494 2100 1534 2149 tae

311 2182 447 2255 felicitat03
464 2198 583 2255 quorum
604 2183 678 2254 prius
693 2186 822 2250 omaus,
839 2175 955 2231 alterum
970 2176 1059 2230 tenuis
1073 2185 1150 2232 notae
1163 2183 1223 2247 est3
1238 2186 1385 2251 utrumque
1399 2197 1462 2237 sane
1478 2181 1534 2236 loo·

310 2286 385 2343 gom,
401 2277 532 2328 neutrum
549 2277 637 2326 tamen
651 2267 701 2323 vile
715 2267 776 2339 quis
790 2264 896 2323 dicerit.
920 2265 972 2320 Sed
986 2264 1052 2319 orbe
1066 2266 1120 2319 otti
1129 2264 1292 2339 patratoque
1312 2269 1432 2342 intelligit
1452 2273 1533 2326 llora-

309 2360 357 2413 tius
375 2358 579 2430 paraphrases:
597 2357 636 2413 uti
650 2355 760 2429 quidam
776 2354 876 2410 otiosae
891 2351 1047 2423 plebeculae
1060 2352 1085 2407 in
1100 2352 1184 2408 latum
1198 2355 1291 2410 orbem
1305 2364 1416 2413 coactae
1428 2366 1535 2415 nostros

309 2443 378 2499 italos
396 2453 491 2516 poetas
505 2444 638 2501 cantando
652 2444 756 2516 legunt,
771 2447 798 2498 et
811 2456 947 2514 quamquo
961 2441 1100 2512 stropham
1114 2441 1274 2514 vulgaribus
1285 2445 1373 2502 verbis
1385 2463 1416 2502 ae
1429 2455 1534 2504 senten-

310 2534 345 2588 tiis
358 2542 521 2604 exponunt:
537 2549 620 2605 aquo
635 2533 710 2592 orbe,
728 2532 774 2604 qui
786 2531 893 2588 Graecis
906 2531 993 2580 alalos
1006 2530 1104 2588 dicitur
1117 2573 1124 2602 ,
1145 2534 1310 2592 circumsona
1318 2553 1384 2592 neiis
1410 2545 1488 2608 poeta
1501 2538 1534 2593 als

311 2625 416 2681 lloratio
432 2624 525 2695 paullo
538 2624 647 2680 interius
661 2627 787 2698 scriptor
801 2620 933 2696 Cpoltcus
948 2637 997 2692 pro
1010 2622 1054 2678 rili
1068 2624 1229 2694 appellatur.
1253 2627 1337 2699 lgitur
1361 2634 1460 2689 Horatii
1474 2644 1535 2691 sen·

311 2714 386 2770 untia
401 2721 456 2784 est,
475 2714 497 2769 si
511 2729 561 2769 nec
575 2715 657 2770 trieris
672 2713 780 2770 Homeri
794 2712 995 2784 paraphrastes.

345 2808 410 2860 133.
425 2808 487 2858 Nec
498 2803 618 2859 uerbum
630 2804 714 2860 aerbo
727 2803 849 2860 caralis
859 2800 980 2858 reddere
988 2801 1072 2873 fido-s
1084 2830 1098 2845 ·
1110 2808 1265 2880 Interpresl
1280 2809 1306 2864 Si
1320 2824 1370 2866 nec
1384 2812 1532 2871 111111111-

312 2891 371 2946 neri
384 2907 419 2948 ex
429 2905 532 2962 graeca
544 2891 570 2946 in
584 2891 693 2947 latinam
706 2891 827 2964 linguam
841 2889 993 2946 traductor.

347 2987 412 3041 131.
428 2989 489 3039 Nec
501 2978 619 3037 desilies
631 2983 775 3055 imitatori
791 2981 817 3035 Si
831 2993 916 3049 neqrre
930 2979 942 3033 l
944 2979 1014 3034 ueris
1029 2980 1133 3035 servilis
1145 2982 1251 3037 llomeri
1261 2983 1386 3038 imitator:
1403 3001 1471 3056 quae
1484 2991 1533 3045 tria

315 3085 373 3126 cum
387 3071 588 3141 declinaveris,
603 3074 677 3129 circa
690 3072 813 3129 eamdem
827 3071 946 3128 fabulam
960 3071 1008 3125 lies
1022 3070 1128 3127 llome'ri
1142 3074 1305 3147 aemulator,
1321 3076 1344 3128 si
1358 3091 1439 3132 crines
1454 3082 1533 3152 tragi-

315 3172 369 3213 cam
384 3175 531 3230 personam
546 3161 579 3218 ab
593 3164 708 3226 Homero
722 3161 907 3231 desumptam,
922 3173 953 3213 cx
967 3158 997 3212 iis
1012 3159 1075 3231 ipsis
1090 3161 1209 3215 moribus
1220 3177 1287 3233 quos
1302 3163 1433 3217 llomerus
1446 3164 1481 3219 illi
1492 3173 1531 3221 at-

316 3247 414 3319 111111,
428 3247 486 3327 alia
494 3265 565 3305 nova
578 3234 725 3305 conformia
739 3247 881 3318 dicere,·et
891 3261 971 3319 agero
985 3254 1156 3302 commentus
1170 3247 1206 3302 sis
1219 3268 1227 3320 3
1242 3263 1327 3321 eaque
1336 3249 1438 3308 ratione
1448 3268 1532 3309 novae

313 3333 412 3393 tantae
425 3346 535 3407 auctor,
546 3343 583 3409 et,
594 3344 627 3394 ut
639 3353 694 3393 uno
707 3337 789 3393 verbo
803 3336 904 3408 dicam,
919 3342 997 3406 poeta
1011 3335 1119 3391 existes.

557 3538 572 3552 .
632 3500 677 3547 lle
689 3501 906 3562 propo-telone
917 3502 1077 3562 poemati·
1088 3503 1219 3554 noratur.

351 3652 414 3706 136.
429 3653 491 3706 Nec
502 3652 546 3706 sic
558 3651 690 3724 incipies)
705 3651 768 3706 lleic
782 3649 932 3723 digreditur
945 3649 1071 3706 Horatius
1085 3650 1118 3705 ab
1127 3613 1250 3706 instituto
1265 3661 1426 3724 argumento
1446 3655 1478 3710 de
1494 3655 1532 3709 la·

319 3737 438 3796 holarum
452 3739 565 3812 decoro,
578 3748 605 3798 et
618 3741 649 3797 de
664 3741 793 3812 poematis
807 3740 907 3796 heroici
921 3739 1101 3811 propositione
1114 3747 1291 3814 praeceptum
1303 3744 1392 3817 tradit,
1405 3753 1432 3802 et
1444 3743 1533 3819 Odys·

320 3839 380 3882 aas
391 3825 546 3897 exemplum
560 3827 691 3902 apponii„
750 3837 753 3841 ’

351 3917 413 3971 139.
428 3911 588 3970 Ridiculus
602 3915 677 3986 miss)
691 3916 806 3971 Numero
820 3914 880 3983 ipso
894 3912 972 3967 vilem
986 3913 1142 3968 sententiam
1156 3915 1288 3985 exprimit.

347 4007 409 4061 tlt.
428 4006 546 4080 Virunil
561 4006 611 4074 Qui
625 4007 723 4063 Latinis
737 4007 902 4062 Graecorum
915 4004 1025 4060 heroem
1037 4005 1188 4078 significat3
1205 4006 1244 4062 sic
1258 4005 1382 4078 Virgilius
1396 4029 1402 4062 z

721 4138 799 4188 Arma
809 4135 936 4203 virumque
950 4151 1011 4186 cano
1025 4171 1031 4185 .
1046 4171 1053 4185 .
1071 4176 1077 4187 .
1092 4175 1098 4187 .

349 4252 411 4306 113.
426 4245 619 4319 Nousamum
633 4248 806 4325 eaefirlporel
821 4253 854 4310 Ut
867 4250 1006 4322 palearum
1020 4249 1149 4324 hamma,
1172 4268 1242 4323 quae
1256 4251 1326 4309 illico
1340 4270 1372 4311 ac
1386 4255 1460 4312 brevi
1474 4258 1529 4313 col·

314 4330 411 4407 111111,
428 4350 492 4390 mox
505 4335 531 4390 in
545 4333 658 4408 longum
672 4337 767 4394 desinit
781 4339 896 4394 lumum.
927 4370 929 4376 ·

346 4421 382 4477 tn.
398 4418 546 4492 Emsrimo
559 4419 632 4479 dare
644 4421 747 4497 lucens)
763 4427 796 4483 Ut
809 4427 916 4493 robora,
931 4440 1001 4496 qrrae
1015 4423 1146 4495 principio
1160 4424 1204 4480 din
1217 4424 1355 4499 fumantia,
1370 4429 1476 4485 tandem
1488 4445 1533 4485 ac·
1561 4418 1563 4422 ¹

315 4525 388 4566 censa
401 4510 487 4567 edunt
499 4512 662 4569 candentem
677 4515 784 4588 ignem,
800 4532 832 4572 ac
848 4516 1028 4572 diuturnum:
1045 4515 1080 4571 illi
1097 4522 1161 4573 suat
1174 4517 1233 4574 libri
1247 4520 1293 4589 qui
1308 4520 1527 4591 superficierum,

316 4595 409 4653 lisere
423 4595 474 4671 qul
484 4597 649 4669 profundam
664 4601 813 4657 doctrinam
827 4604 982 4659 contineat:
1002 4601 1036 4656 illi
1051 4604 1132 4658 semel
1147 4604 1210 4661 lecti
1224 4615 1249 4661 to
1262 4607 1387 4679 explent3
1402 4624 1457 4681 quo
1475 4625 1533 4665 ma·

316 4686 510 4759 1111111111,
526 4687 614 4759 magis
629 4689 764 4758 proficias.

350 4785 411 4839 111.
425 4783 578 4857 speciosol
592 4780 666 4848 uuae
680 4782 796 4841 multum
811 4783 908 4842 habent
921 4781 1030 4853 speciei,
1047 4802 1095 4844 seu
1110 4786 1236 4843 raritatis.
