3942 5592
321 635 404 710 dum
420 636 473 712 qui
485 632 676 693 Ciceroniano
689 627 881 704 confirmandi
894 623 995 707 paneri
1005 631 1122 691 sanaem
1137 627 1376 708 ,epycteremata
1391 633 1520 707 qunque

318 717 436 792 partito
455 709 668 790 frequentare,
692 715 719 769 et
732 712 962 786 assumptionum
986 710 1221 788 confirmationes
1244 706 1520 785 amplificationibus

323 799 463 871 sapinare
475 809 590 853 necesse
603 795 655 851 ost.

363 873 459 934 Aliud
470 873 734 950 arpamentationis
745 874 943 949 praecipuum
956 871 1122 933 dialecticis
1135 885 1227 951 penus
1241 873 1283 929 est
1298 868 1437 946 Epopape
1450 914 1459 947 ,
1474 868 1519 929 ta·

324 959 388 1015 tine
401 953 547 1013 inductio.
564 951 602 1014 Et
615 951 861 1028 quemadmodum
874 951 1063 1031 spltopismns
1074 953 1112 1012 alr
1125 948 1288 1025 Aristotite,
1304 953 1423 1025 eiusque
1437 967 1518 1011 asse-

323 1035 381 1096 ctis
393 1032 611 1113 frequentatur,
627 1035 672 1090 ita
680 1031 813 1092 inductio
827 1031 990 1109 aSadrate,
1005 1036 1032 1091 et
1042 1036 1194 1093 socraticis
1207 1033 1338 1091 maxime
1351 1032 1385 1088 in
1396 1045 1455 1089 asu
1464 1027 1520 1090 lta-

325 1115 389 1176 orto
399 1117 451 1176 est.

367 1194 420 1256 mc
434 1197 528 1254 amun
539 1193 670 1254 inductio
683 1193 941 1274 arpumeniaiionis
954 1187 1057 1267 forma
1068 1234 1077 1268 ,
1101 1194 1130 1252 et
1138 1188 1251 1270 fipura,
1265 1205 1342 1267 quae
1353 1188 1455 1249 mattis
1469 1205 1517 1248 re-

322 1274 377 1335 ons
390 1274 522 1335 indutiis
536 1275 674 1338 adductis
688 1317 697 1349 ,
712 1277 757 1333 rei
770 1270 877 1333 dubiae
890 1275 922 1331 in
934 1275 1105 1347 quaestione
1123 1275 1289 1350 propositae
1307 1273 1405 1348 captat
1418 1285 1518 1330 asserr-

323 1360 445 1419 sianem·
897 1402 903 1423 ,

366 1432 491 1511 Duptec
503 1437 555 1511 est,
570 1432 665 1496 attera
673 1437 818 1513 partium,
833 1432 931 1492 attera
943 1429 1095 1496 stantium.

364 1513 501 1574 Inductio
512 1518 643 1592 portium
651 1514 852 1592 fieriputatur
867 1516 1083 1574 enumeratione
1097 1517 1225 1574 omnium
1237 1515 1418 1590 specierum,
1439 1525 1517 1587 quae

326 1593 383 1654 sni
396 1595 499 1670 atiquo
512 1611 617 1671 ponere
631 1598 827 1668 continentur,
842 1594 920 1654 unde
935 1607 1027 1666 penus
1041 1597 1139 1670 ipsum
1153 1593 1357 1670 amifinnetar:
1381 1595 1416 1651 at
1424 1594 1518 1666 pueri

325 1673 422 1750 tuscis,
436 1678 465 1735 et
475 1673 616 1737 lascivias
629 1679 753 1746 amant‚·
767 1672 964 1734 adolescentes
979 1677 1126 1748 convivia,
1140 1679 1168 1735 et
1182 1689 1317 1750 campum
1324 1694 1339 1744 ,-
1350 1675 1412 1732 viri
1425 1671 1518 1731 tona

325 1771 386 1829 res,
399 1758 427 1813 et
436 1758 619 1832 potentiam.-
634 1772 716 1816 senes
732 1755 875 1827 dicitius,
899 1755 1033 1830 etapes,·
1049 1758 1143 1813 omms
1157 1760 1250 1832 ipitnr
1262 1756 1344 1813 aetas
1356 1755 1447 1812 amat.
1468 1749 1520 1810 Vet

325 1838 540 1895 enumeratione
562 1841 693 1896 omnium
701 1838 844 1913 partiam,
860 1850 936 1910 qaae
951 1832 1077 1910 atiquod
1088 1838 1180 1893 totum
1192 1836 1342 1911 inteprant
1356 1854 1369 1904 ‚·
1392 1835 1425 1890 ai
1439 1829 1520 1890 ocuti

325 1913 383 1975 titi
394 1915 436 1975 ad
448 1913 671 1994 impudentiam,
685 1933 717 1978 os
731 1913 773 1973 ad
784 1916 954 1988 audaciam,
969 1911 1073 1992 tinaua
1086 1915 1128 1975 ad
1135 1918 1285 1994 periuria,
1298 1927 1405 1974 manus
1418 1908 1460 1970 ad
1471 1927 1521 1970 ra·

321 1997 429 2072 pinos,
443 1999 543 2057 center
556 1997 598 2056 od
611 1996 783 2073 inpluvium
792 1994 955 2072 pudendae
966 1999 1089 2055 audurae
1100 2000 1201 2071 partes
1214 1995 1257 2055 ad
1269 2008 1352 2052 amne
1364 2007 1458 2070 penas
1470 2007 1521 2051 ne·

325 2077 451 2151 quitiae,
462 2092 517 2151 pes
531 2074 573 2134 ad
583 2073 689 2154 sapam
702 2080 769 2139 sunt
783 2078 949 2152 cosnparati
957 2094 966 2131 ε
984 2079 1061 2137 idus
1073 2078 1167 2152 ipitur
1177 2076 1329 2154 dapitium
1344 2089 1387 2132 es.

371 2155 458 2214 Hanc
471 2153 646 2216 diatecticae
659 2157 917 2233 arpumentationis
928 2152 1058 2232 fipucam
1069 2160 1182 2215 saniori
1193 2151 1311 2233 quidem
1329 2154 1444 2214 iudicio
1454 2169 1521 2212 ora·

326 2240 417 2312 tores,
430 2251 490 2294 non
502 2240 563 2296 lano
575 2238 618 2297 ad
630 2235 875 2312 confirmationis,
902 2251 993 2309 quam
1006 2233 1252 2314 amplificationis
1271 2248 1357 2310 usas,
1372 2248 1448 2309 quae
1463 2249 1521 2309 per

324 2318 490 2390 conperiens
503 2317 613 2376 dieitur
627 2361 636 2395 ,
660 2314 823 2390 transferre
845 2315 949 2375 soient.
967 2315 1005 2376 Et
1018 2321 1082 2378 iure
1096 2314 1215 2393 quidem
1228 2316 1355 2385 nouitas
1381 2328 1451 2372 nam
1464 2328 1520 2370 nec

326 2410 447 2475 ponera,
458 2411 512 2456 nec
525 2400 586 2456 tata
600 2395 769 2458 inductione
784 2395 975 2474 catlipuntar,
990 2413 1055 2458 cum
1070 2400 1179 2474 species
1192 2440 1201 2474 ,
1213 2397 1242 2454 et
1252 2397 1353 2471 portes
1366 2396 1426 2451 sint
1438 2392 1521 2453 inde·

323 2475 440 2554 finitae,
453 2481 487 2536 at
499 2494 610 2539 omnem
623 2475 780 2538 humanam
793 2478 992 2552 industriam,
1018 2492 1095 2556 quae
1107 2493 1158 2537 eos
1172 2475 1311 2552 cottiaere
1323 2469 1397 2536 uelit
1411 2514 1420 2548 ,
1445 2487 1519 2532 euna

326 2555 437 2616 terem.
1079 2564 1084 2571 ·

371 2635 507 2697 Inductio
520 2641 616 2699 autem
629 2638 768 2699 similium
781 2641 903 2698 maioris
917 2633 1018 2713 stupis
1031 2640 1085 2714 est,
1098 2639 1197 2713 estque
1209 2637 1321 2710 oratio,
1335 2649 1411 2710 puae
1418 2629 1520 2709 ptari·

328 2714 385 2776 ltus
399 2715 483 2780 retus
496 2733 556 2778 non
571 2717 667 2780 dubiis
681 2718 827 2781 simitilrus
835 2721 998 2797 propositis
1012 2759 1022 2794 ,
1045 2720 1125 2795 capit
1138 2720 1334 2778 assensionem
1356 2717 1420 2774 eius
1434 2758 1443 2790 ,
1467 2715 1521 2789 atti

825 2875 1064 2893 ω

335 2968 415 3040 guito
432 2967 452 3024 il
473 2967 646 3026 Ciceroniana
657 2968 739 3025 modo
760 2969 787 3025 di
805 2971 988 3041 conformare,
1003 2968 1053 3026 dee
1067 2971 1254 3043 spesscgginre
1268 2970 1306 3042 gli
1320 2963 1484 3039 epicheremi
1497 2961 1524 3018 di

282 3098 294 3108 ,
335 3050 407 3131 tutte
419 3060 435 3101 e
449 3045 548 3117 cinquo
560 3046 641 3119 parti,
653 3059 668 3101 e
681 3045 851 3118 impinguare
865 3045 934 3101 colle
948 3045 1149 3117 ompiiiicozioni
1163 3047 1187 3103 le
1199 3047 1335 3103 conlermc
1349 3039 1418 3099 delle
1431 3051 1527 3094 assun-
1556 3072 1558 3077 ,

333 3135 414 3179 ueni.

372 3195 451 3252 Aliso
474 3196 604 3268 precipuo
622 3208 722 3269 genere
742 3196 769 3253 di
783 3198 1016 3270 argomentazione
1029 3197 1051 3253 ei
1064 3195 1079 3253 ὲ
1093 3212 1142 3269 per
1155 3197 1192 3270 gii
1206 3195 1335 3253 liiolottici
1349 3194 1374 3250 lo
1385 3192 1522 3276 Epagoga

334 3270 569 3329 assislnduzione.
584 3272 606 3329 E
620 3287 699 3328 come
712 3271 730 3328 ii
745 3272 893 3346 sillogismo
904 3280 1114 3330 comunemente
1124 3273 1247 3346 adoprosi
1260 3271 1323 3329 doll’
1332 3275 1389 3327 erte
1399 3284 1415 3322 a
1425 3265 1469 3322 dos
1483 3277 1526 3318 se·

332 3347 416 3419 gaeci
428 3346 456 3402 di
467 3362 538 3418 essa,
552 3349 609 3404 cosi
623 3348 649 3404 ln
661 3347 804 3406 Induzione
817 3350 846 3405 iu
857 3349 883 3403 in
893 3348 1041 3420 principale
1053 3365 1135 3406 onore
1148 3365 1244 3422 presso
1258 3351 1398 3404 Socratc'e
1412 3342 1527 3398 isocra-

334 3422 394 3478 tici.
410 3421 450 3478 Ed
463 3420 478 3479 ὸ
492 3440 545 3480 uno
559 3424 646 3480 torma
658 3440 673 3480 e
687 3425 774 3495 ligura
787 3425 1073 3494 d'orgomentozione,
1089 3425 1115 3481 la
1129 3426 1224 3498 ariole,
1240 3424 1349 3481 oddaite
1369 3437 1384 3477 o
1404 3414 1526 3504 roccqlte

336 3496 422 3554 malie
437 3514 501 3557 cose
514 3499 680 3570 indubitate,
696 3500 838 3576 guodagnu
851 3500 869 3556 l’
878 3516 991 3557 ascenso
1004 3502 1038 3559 od
1051 3517 1105 3558 uno
1119 3518 1185 3559 coss
1198 3502 1299 3560 (lubido
1316 3498 1387 3555 neila
1406 3494 1525 3566 quianon

330 3581 472 3644 proponis.

374 3648 502 3721 nopprse
517 3651 543 3708 la
555 3651 704 3708 induzione:
722 3668 738 3708 o
753 3653 822 3711 delle
832 3657 911 3727 porti,
927 3672 942 3711 ο
958 3653 1029 3710 delle
1043 3667 1108 3709 cose
1122 3654 1212 3712 simili.

374 3725 414 3782 Lu
425 3725 568 3784 Induzione
582 3727 652 3785 delle
665 3728 734 3799 parti
749 3732 772 3784 si
786 3733 867 3788 crede
881 3733 931 3787 che
943 3729 1053 3786 locciosi
1067 3728 1139 3785 cailo
1150 3732 1355 3788 onumernzione
1368 3729 1394 3787 di
1415 3736 1483 3788 tutte
1500 3719 1527 3777 1⁰

336 3801 426 3872 specie
439 3801 490 3858 che
504 3810 576 3860 catto
589 3820 627 3859 un
640 3820 739 3874 genere
751 3805 773 3859 si
784 3803 1119 3878 eontengono,occiocchi
1129 3823 1214 3879 vongo
1222 3808 1388 3865 conternata
1399 3805 1417 3862 il
1428 3815 1528 3877 genere

336 3881 435 3934 stesso.
450 3877 541 3935 Come:
557 3878 699 3936 isonciuiti
713 3896 806 3937 arnono
820 3883 930 3954 giuochi
943 3898 958 3937 e
971 3881 1097 3947 luscinios
1109 3881 1117 3936 i
1129 3884 1235 3955 paroni
1249 3884 1349 3940 consiti
1368 3880 1402 3938 ed
1415 3885 1527 3940 esercizi

337 3950 366 4008 di
379 3952 467 4025 lorea,
483 3953 520 4025 gii
535 3954 618 4011 adulti
630 3955 706 4011 onori
719 3973 734 4013 o
745 3964 867 4027 potenza,
882 3958 890 4012 i
904 3957 1000 4015 vecchi
1012 3957 1112 4014 dovizie
1125 3958 1160 4015 ed
1173 3958 1318 4031 ngietezzo:
1335 3958 1444 4029 dunque
1465 3963 1529 4032 ogni

336 4027 383 4084 eti
394 4043 464 4084 ema.
480 4030 588 4102 oppure
600 4030 670 4087 collo
683 4035 869 4090 enumerozion
883 4032 907 4089 di
922 4040 991 4090 tutte
1005 4034 1030 4091 le
1044 4034 1113 4106 porti
1126 4034 1177 4090 che
1190 4036 1385 4093 costituiscono
1394 4049 1431 4090 un
1442 4040 1525 4093 tutto.

336 4102 436 4161 Come:
452 4104 553 4162 Cotesti
567 4107 644 4162 occhi
658 4107 715 4162 tuoi
729 4124 794 4165 sona
809 4110 916 4166 sarmati
930 4108 981 4165 nilo
994 4111 1169 4180 impudenzu,
1185 4112 1203 4169 it
1214 4111 1288 4167 volta
1301 4110 1344 4166 uil'
1356 4108 1487 4182 eudocia,
1502 4112 1529 4168 ln

334 4177 429 4251 lingua
438 4180 493 4252 agli
507 4182 658 4255 spergiuri,
673 4180 698 4239 le
711 4185 782 4240 mani
796 4185 845 4243 olle
859 4185 966 4257 rapine,
980 4186 1000 4242 il
1015 4193 1106 4243 ventre
1119 4184 1171 4242 olla
1190 4186 1353 4261 ingordigin.
1367 4228 1373 4240 .
1389 4228 1395 4241 .
1410 4188 1437 4242 .i
1457 4187 1528 4263 piedi

336 4253 389 4311 allo
401 4255 475 4327 luga:
489 4258 603 4329 linoque
614 4257 652 4313 sei
667 4262 734 4314 tutto
748 4261 902 4335 malvagitt.

375 4331 475 4399 Questa
487 4332 575 4405 figura
588 4333 614 4390 d
624 4337 853 4394 orcomentaziane
867 4336 1004 4395 dialettico
1016 4336 1052 4409 gli
1062 4338 1169 4394 Oratari
1180 4335 1206 4392 di
1216 4352 1282 4395 sano
1291 4336 1405 4411 giudizio
1416 4337 1529 4411 adapra-

336 4420 384 4477 na,
400 4422 454 4462 non
468 4414 543 4465 tento
556 4409 590 4465 nd
604 4425 653 4465 usa
668 4407 694 4464 di
708 4414 930 4479 commmunione,
946 4418 1048 4485 quanto
1058 4412 1084 4469 di
1096 4413 1316 4486 ampliticozione3
1328 4413 1425 4485 loquat
1436 4417 1458 4471 si
1468 4417 1528 4473 dice

335 4487 548 4614 ferconaerie.
562 4486 584 4541 F.
596 4486 785 4559 giustamente3
801 4486 896 4560 poiche
910 4486 944 4544 ni
957 4488 964 4543 i
978 4492 1076 4562 penori
1088 4488 1123 4546 ne
1136 4491 1145 4544 i
1159 4491 1229 4546 tutti
1241 4491 1263 4547 si
1277 4490 1441 4561 raccolgooo
1457 4492 1528 4554 nollo

351 4572 400 4614 ora
413 4557 539 4630 integriti
552 4575 601 4630 per
619 4561 644 4618 to
658 4560 811 4636 induciane,
826 4564 941 4622 essendo
954 4562 979 4619 io
992 4567 1086 4638 specie
1098 4581 1114 4622 e
1127 4565 1244 4642 leporii
1257 4566 1424 4635 indefinitc,e
1435 4584 1529 4641 soper-

340 4632 440 4690 chianti
453 4633 479 4689 ln
492 4635 623 4692 industria
635 4653 734 4693 simona
747 4639 798 4696 che
812 4642 833 4696 si
847 4646 928 4697 mello
941 4655 957 4694 a
970 4640 1101 4699 contorlo.
1152 4656 1158 4671 ·

378 4711 417 4766 La
428 4708 572 4767 inducione
586 4710 627 4767 de’
639 4713 719 4770 simili
732 4729 796 4772 reco
810 4717 893 4772 trutto
907 4716 1054 4788 maggiore3
1063 4719 1097 4775 ed
1109 4716 1125 4774 ὸ
1135 4717 1181 4775 nn'
1190 4719 1317 4775 Orazionc
1330 4716 1356 4773 in
1367 4720 1447 4792 quoio
1467 4734 1530 4792 pra·

339 4791 419 4857 coste
433 4784 516 4847 matie
530 4802 594 4847 cose
607 4787 695 4863 simili,
711 4789 868 4869 indubitate,
884 4792 986 4868 stringe
1000 4793 1044 4855 oll‘
1055 4810 1166 4856 assensa
1179 4795 1270 4871 quello
1292 4808 1343 4853 can
1356 4798 1403 4856 cro·
1423 4799 1446 4856 si
1465 4811 1532 4854 con·
1555 4828 1557 4832 ι
