<?xml version="1.0" encoding="UTF-8"?>
<!DOCTYPE html PUBLIC "-//W3C//DTD XHTML 1.0 Transitional//EN"
    "http://www.w3.org/TR/xhtml1/DTD/xhtml1-transitional.dtd">
<html xmlns="http://www.w3.org/1999/xhtml" xml:lang="en" lang="en">
 <head>
  <title>
</title>
<meta http-equiv="Content-Type" content="text/html;charset=utf-8" />
  <meta name='ocr-system' content='tesseract 3.04.00' />
  <meta name='ocr-capabilities' content='ocr_page ocr_carea ocr_par ocr_line ocrx_word'/>
</head>
<body>
  <div class='ocr_page' id='page_1' title='image "./operedigiambatt01ferrgoog_0214.png"; bbox 0 0 3942 5592; ppageno 0'>
   <div class='ocr_carea' id='block_1_1' title="bbox 1467 491 1524 553">
    <p class='ocr_par' dir='ltr' id='par_1_1' title="bbox 1467 491 1524 553">
     <span class='ocr_line' id='line_1_1' title="bbox 1467 491 1524 553; baseline 0.035 -2"><span class='ocrx_word' id='word_1_1' title='bbox 1467 491 1524 553; x_wconf 74' lang='lat'><strong><em>199</em></strong></span> 
     </span>
    </p>
   </div>
   <div class='ocr_carea' id='block_1_2' title="bbox 319 594 1595 778">
    <p class='ocr_par' dir='ltr' id='par_1_2' title="bbox 319 594 1595 778">
     <span class='ocr_line' id='line_1_2' title="bbox 319 594 1595 687; baseline -0.004 -23"><span class='ocrx_word' id='word_1_2' title='bbox 319 597 462 665; x_wconf 70' lang='lat' dir='ltr'><strong><em>&#39;menan</em></strong></span> <span class='ocrx_word' id='word_1_3' title='bbox 467 605 572 687; x_wconf 78' lang='lat' dir='ltr'><strong><em>judea</em></strong></span> <span class='ocrx_word' id='word_1_4' title='bbox 584 607 690 663; x_wconf 73' lang='lat' dir='ltr'><strong><em>misem</em></strong></span> <span class='ocrx_word' id='word_1_5' title='bbox 704 601 798 674; x_wconf 84' lang='lat' dir='ltr'><strong><em>est,ut</em></strong></span> <span class='ocrx_word' id='word_1_6' title='bbox 812 597 956 658; x_wconf 73' lang='lat' dir='ltr'><strong><em>audendis</em></strong></span> <span class='ocrx_word' id='word_1_7' title='bbox 966 602 1136 656; x_wconf 70' lang='lat' dir='ltr'><strong><em>amaea.</em></strong></span> <span class='ocrx_word' id='word_1_8' title='bbox 1150 594 1197 654; x_wconf 85' lang='lat' dir='ltr'><strong><em>Ibi</em></strong></span> <span class='ocrx_word' id='word_1_9' title='bbox 1207 594 1329 674; x_wconf 68' lang='lat' dir='ltr'><strong><em>Auum,</em></strong></span> <span class='ocrx_word' id='word_1_10' title='bbox 1342 598 1445 659; x_wconf 85' lang='lat' dir='ltr'><strong><em>relicta</em></strong></span> <span class='ocrx_word' id='word_1_11' title='bbox 1453 617 1560 675; x_wconf 72' lang='lat' dir='ltr'><strong><em>unae,</em></strong></span> <span class='ocrx_word' id='word_1_12' title='bbox 1591 607 1595 615; x_wconf 87' lang='lat'>&#39;</span> 
     </span>
     <span class='ocr_line' id='line_1_3' title="bbox 326 691 1563 778; baseline 0.002 -22"><span class='ocrx_word' id='word_1_13' title='bbox 326 694 464 760; x_wconf 73' lang='lat' dir='ltr'><strong><em>Famem</em></strong></span> <span class='ocrx_word' id='word_1_14' title='bbox 483 698 622 762; x_wconf 70' lang='lat' dir='ltr'><strong><em>ineman</em></strong></span> <span class='ocrx_word' id='word_1_15' title='bbox 644 696 768 778; x_wconf 75' lang='lat' dir='ltr'><strong><em>trajicit,</em></strong></span> <span class='ocrx_word' id='word_1_16' title='bbox 781 695 904 771; x_wconf 78' lang='lat' dir='ltr'><strong><em>indeque</em></strong></span> <span class='ocrx_word' id='word_1_17' title='bbox 919 691 1128 768; x_wconf 76' lang='lat' dir='ltr'><strong><em>lanquium</em></strong></span> <span class='ocrx_word' id='word_1_18' title='bbox 1151 710 1186 751; x_wconf 88' lang='lat' dir='ltr'><strong><em>aa</em></strong></span> <span class='ocrx_word' id='word_1_19' title='bbox 1203 693 1370 754; x_wconf 72' lang='lat' dir='ltr'><strong><em>damnum</em></strong></span> <span class='ocrx_word' id='word_1_20' title='bbox 1380 694 1563 775; x_wconf 86' lang='lat' dir='ltr'><strong><em>reliquasque</em></strong></span> 
     </span>
    </p>
   </div>
   <div class='ocr_carea' id='block_1_3' title="bbox 324 781 1682 871">
    <p class='ocr_par' dir='ltr' id='par_1_3' title="bbox 324 781 1682 871">
     <span class='ocr_line' id='line_1_4' title="bbox 324 781 1682 871; baseline -0.014 -21"><span class='ocrx_word' id='word_1_21' title='bbox 324 790 506 871; x_wconf 78' lang='lat' dir='ltr'><strong><em>conjuratos,</em></strong></span> <span class='ocrx_word' id='word_1_22' title='bbox 526 795 580 867; x_wconf 90' lang='lat' dir='ltr'><strong><em>qui</em></strong></span> <span class='ocrx_word' id='word_1_23' title='bbox 597 787 736 848; x_wconf 75' lang='lat' dir='ltr'><strong><em>Viennam</em></strong></span> <span class='ocrx_word' id='word_1_24' title='bbox 749 781 964 860; x_wconf 78' lang='lat' dir='ltr'><strong><em>emsfuqiebant,</em></strong></span> <span class='ocrx_word' id='word_1_25' title='bbox 984 798 1041 858; x_wconf 86' lang='lat' dir='ltr'><strong><em>per</em></strong></span> <span class='ocrx_word' id='word_1_26' title='bbox 1061 781 1173 843; x_wconf 75' lang='lat' dir='ltr'><strong><em>litteras</em></strong></span> <span class='ocrx_word' id='word_1_27' title='bbox 1184 788 1278 862; x_wconf 84' lang='lat' dir='ltr'><strong><em>arqei,</em></strong></span> <span class='ocrx_word' id='word_1_28' title='bbox 1290 789 1322 844; x_wconf 94' lang='lat' dir='ltr'><strong><em>ut</em></strong></span> <span class='ocrx_word' id='word_1_29' title='bbox 1336 791 1461 866; x_wconf 79' lang='lat' dir='ltr'><strong><em>insequi</em></strong></span> <span class='ocrx_word' id='word_1_30' title='bbox 1473 807 1563 865; x_wconf 70' lang='lat' dir='ltr'><strong><em>sape.</em></strong></span> <span class='ocrx_word' id='word_1_31' title='bbox 1679 795 1682 799; x_wconf 58' lang='grc'>’</span> 
     </span>
    </p>
   </div>
   <div class='ocr_carea' id='block_1_4' title="bbox 326 879 1560 1150">
    <p class='ocr_par' dir='ltr' id='par_1_4' title="bbox 326 879 1560 1150">
     <span class='ocr_line' id='line_1_5' title="bbox 326 879 1560 971; baseline -0.001 -25"><span class='ocrx_word' id='word_1_32' title='bbox 326 889 469 971; x_wconf 64' lang='lat' dir='ltr'><strong><em>(liliorum</em></strong></span> <span class='ocrx_word' id='word_1_33' title='bbox 481 886 632 964; x_wconf 74' lang='lat' dir='ltr'><strong><em>festinent.</em></strong></span> <span class='ocrx_word' id='word_1_34' title='bbox 648 882 777 965; x_wconf 79' lang='lat' dir='ltr'><em>Neapoli</em></span> <span class='ocrx_word' id='word_1_35' title='bbox 789 885 900 941; x_wconf 83' lang='lat' dir='ltr'><strong><em>inderea</em></strong></span> <span class='ocrx_word' id='word_1_36' title='bbox 908 879 1027 957; x_wconf 75' lang='lat' dir='ltr'><strong><em>judiees</em></strong></span> <span class='ocrx_word' id='word_1_37' title='bbox 1041 882 1208 957; x_wconf 78' lang='lat' dir='ltr'><strong><em>nsajestntis</em></strong></span> <span class='ocrx_word' id='word_1_38' title='bbox 1221 879 1327 943; x_wconf 87' lang='lat' dir='ltr'><strong><em>diuisis</em></strong></span> <span class='ocrx_word' id='word_1_39' title='bbox 1340 888 1500 964; x_wconf 81' lang='lat' dir='ltr'><strong><em>sententiis,</em></strong></span> <span class='ocrx_word' id='word_1_40' title='bbox 1515 904 1560 945; x_wconf 87' lang='lat' dir='ltr'><strong><em>re·</em></strong></span> 
     </span>
     <span class='ocr_line' id='line_1_6' title="bbox 327 970 1559 1055; baseline 0.002 -17"><span class='ocrx_word' id='word_1_41' title='bbox 327 976 421 1038; x_wconf 74' lang='lat' dir='ltr'><strong><em>belles</em></strong></span> <span class='ocrx_word' id='word_1_42' title='bbox 445 978 543 1055; x_wconf 81' lang='lat' dir='ltr'><strong><em>Requi</em></strong></span> <span class='ocrx_word' id='word_1_43' title='bbox 553 976 750 1052; x_wconf 75' lang='lat' dir='ltr'><strong><em>beneficiarios</em></strong></span> <span class='ocrx_word' id='word_1_44' title='bbox 763 971 1002 1045; x_wconf 85' lang='lat' dir='ltr'><strong><em>condemnarunt,</em></strong></span> <span class='ocrx_word' id='word_1_45' title='bbox 1017 970 1059 1028; x_wconf 86' lang='lat' dir='ltr'><strong><em>ael</em></strong></span> <span class='ocrx_word' id='word_1_46' title='bbox 1081 988 1182 1029; x_wconf 77' lang='lat' dir='ltr'><strong><em>aarum</em></strong></span> <span class='ocrx_word' id='word_1_47' title='bbox 1191 979 1468 1053; x_wconf 71' lang='lat' dir='ltr'><strong><em>pronunciationem,</em></strong></span> <span class='ocrx_word' id='word_1_48' title='bbox 1486 996 1559 1055; x_wconf 87' lang='lat' dir='ltr'><strong><em>quos</em></strong></span> 
     </span>
     <span class='ocr_line' id='line_1_7' title="bbox 329 1061 1559 1150; baseline -0.002 -20"><span class='ocrx_word' id='word_1_49' title='bbox 329 1071 439 1131; x_wconf 83' lang='lat' dir='ltr'><strong><em>Curiae</em></strong></span> <span class='ocrx_word' id='word_1_50' title='bbox 452 1069 543 1133; x_wconf 73' lang='lat' dir='ltr'><strong><em>stares</em></strong></span> <span class='ocrx_word' id='word_1_51' title='bbox 558 1072 671 1144; x_wconf 76' lang='lat' dir='ltr'><strong><em>dieunt,</em></strong></span> <span class='ocrx_word' id='word_1_52' title='bbox 687 1071 785 1128; x_wconf 83' lang='lat' dir='ltr'><strong><em>ascitis</em></strong></span> <span class='ocrx_word' id='word_1_53' title='bbox 800 1065 893 1123; x_wconf 87' lang='lat' dir='ltr'><strong><em>Lneia</em></strong></span> <span class='ocrx_word' id='word_1_54' title='bbox 911 1061 1080 1122; x_wconf 87' lang='lat' dir='ltr'><strong><em>Caroeeialo</em></strong></span> <span class='ocrx_word' id='word_1_55' title='bbox 1096 1065 1376 1143; x_wconf 83' lang='lat' dir='ltr'><strong><em>Sandoeitanorum,</em></strong></span> <span class='ocrx_word' id='word_1_56' title='bbox 1393 1073 1420 1127; x_wconf 91' lang='lat' dir='ltr'><strong><em>el</em></strong></span> <span class='ocrx_word' id='word_1_57' title='bbox 1436 1070 1559 1150; x_wconf 71' lang='lat' dir='ltr'><strong><em>Pompeis</em></strong></span> 
     </span>
    </p>
   </div>
   <div class='ocr_carea' id='block_1_5' title="bbox 327 1151 1683 1250">
    <p class='ocr_par' dir='ltr' id='par_1_5' title="bbox 327 1151 1683 1250">
     <span class='ocr_line' id='line_1_8' title="bbox 327 1151 1683 1250; baseline 0.006 -34"><span class='ocrx_word' id='word_1_58' title='bbox 327 1158 498 1237; x_wconf 81' lang='lat' dir='ltr'><strong><em>Piqnatello</em></strong></span> <span class='ocrx_word' id='word_1_59' title='bbox 506 1157 793 1219; x_wconf 75' lang='lat' dir='ltr'><strong><em>Montisealoensinm</em></strong></span> <span class='ocrx_word' id='word_1_60' title='bbox 801 1151 929 1214; x_wconf 84' lang='lat' dir='ltr'><strong><em>Ducibus</em></strong></span> <span class='ocrx_word' id='word_1_61' title='bbox 935 1168 1019 1222; x_wconf 89' lang='lat' dir='ltr'><strong><em>,·una</em></strong></span> <span class='ocrx_word' id='word_1_62' title='bbox 1029 1154 1127 1228; x_wconf 85' lang='lat' dir='ltr'><strong><em>itaque</em></strong></span> <span class='ocrx_word' id='word_1_63' title='bbox 1137 1151 1559 1250; x_wconf 77' lang='lat' dir='ltr'><strong><em>MasclianarnmPrineipem,</em></strong></span> <span class='ocrx_word' id='word_1_64' title='bbox 1677 1226 1683 1238; x_wconf 74' lang='grc'>,</span> 
     </span>
    </p>
   </div>
   <div class='ocr_carea' id='block_1_6' title="bbox 327 1243 1558 1418">
    <p class='ocr_par' dir='ltr' id='par_1_6' title="bbox 327 1243 1558 1418">
     <span class='ocr_line' id='line_1_9' title="bbox 330 1243 1558 1323; baseline -0.004 -11"><span class='ocrx_word' id='word_1_65' title='bbox 330 1251 619 1313; x_wconf 85' lang='lat' dir='ltr'><strong><em>Castellueeiensinm</em></strong></span> <span class='ocrx_word' id='word_1_66' title='bbox 631 1252 659 1309; x_wconf 90' lang='lat' dir='ltr'><strong><em>el</em></strong></span> <span class='ocrx_word' id='word_1_67' title='bbox 677 1247 889 1309; x_wconf 82' lang='lat' dir='ltr'><strong><em>Teleseanarum</em></strong></span> <span class='ocrx_word' id='word_1_68' title='bbox 905 1243 1010 1319; x_wconf 87' lang='lat' dir='ltr'><strong><em>Duees,</em></strong></span> <span class='ocrx_word' id='word_1_69' title='bbox 1025 1262 1060 1303; x_wconf 90' lang='lat' dir='ltr'><strong><em>ae</em></strong></span> <span class='ocrx_word' id='word_1_70' title='bbox 1079 1244 1223 1304; x_wconf 86' lang='lat' dir='ltr'><strong><em>Tiberium</em></strong></span> <span class='ocrx_word' id='word_1_71' title='bbox 1240 1246 1422 1323; x_wconf 80' lang='lat' dir='ltr'><strong><em>Carafaeum</em></strong></span> <span class='ocrx_word' id='word_1_72' title='bbox 1443 1261 1558 1317; x_wconf 63' lang='lat' dir='ltr'><strong><em>mmmm</em></strong></span> 
     </span>
     <span class='ocr_line' id='line_1_10' title="bbox 327 1332 1558 1418; baseline -0.008 -18"><span class='ocrx_word' id='word_1_73' title='bbox 327 1347 415 1405; x_wconf 78' lang='lat' dir='ltr'><strong><em>renas</em></strong></span> <span class='ocrx_word' id='word_1_74' title='bbox 437 1341 679 1404; x_wconf 80' lang='lat' dir='ltr'><strong><em>Cbiusanenssum</em></strong></span> <span class='ocrx_word' id='word_1_75' title='bbox 694 1338 859 1415; x_wconf 75' lang='lat' dir='ltr'><strong><em>Principem</em></strong></span> <span class='ocrx_word' id='word_1_76' title='bbox 864 1343 877 1407; x_wconf 72' lang='lat'><strong><em>,⁴</em></strong></span> <span class='ocrx_word' id='word_1_77' title='bbox 894 1335 988 1397; x_wconf 89' lang='lat' dir='ltr'><strong><em>altera</em></strong></span> <span class='ocrx_word' id='word_1_78' title='bbox 1002 1332 1167 1411; x_wconf 81' lang='lat' dir='ltr'><strong><em>Peinapem</em></strong></span> <span class='ocrx_word' id='word_1_79' title='bbox 1189 1342 1421 1418; x_wconf 77' lang='lat' dir='ltr'><strong><em>casertanensem,</em></strong></span> <span class='ocrx_word' id='word_1_80' title='bbox 1435 1347 1463 1403; x_wconf 84' lang='lat' dir='ltr'><strong><em>ei</em></strong></span> <span class='ocrx_word' id='word_1_81' title='bbox 1476 1345 1558 1404; x_wconf 65' lang='lat' dir='ltr'><em>Mar.</em></span> 
     </span>
    </p>
   </div>
   <div class='ocr_carea' id='block_1_7' title="bbox 327 1434 1560 1606">
    <p class='ocr_par' dir='ltr' id='par_1_7' title="bbox 327 1434 1560 1606">
     <span class='ocr_line' id='line_1_11' title="bbox 327 1434 1560 1513; baseline 0.002 -16"><span class='ocrx_word' id='word_1_82' title='bbox 327 1438 463 1498; x_wconf 79' lang='lat' dir='ltr'><strong><em>eleianem</em></strong></span> <span class='ocrx_word' id='word_1_83' title='bbox 474 1436 703 1513; x_wconf 76' lang='lat' dir='ltr'><strong><em>Basranemium</em></strong></span> <span class='ocrx_word' id='word_1_84' title='bbox 718 1435 860 1510; x_wconf 73' lang='lat' dir='ltr'><strong><em>absentes,</em></strong></span> <span class='ocrx_word' id='word_1_85' title='bbox 874 1435 1024 1510; x_wconf 80' lang='lat' dir='ltr'><strong><em>edictoque</em></strong></span> <span class='ocrx_word' id='word_1_86' title='bbox 1032 1437 1120 1510; x_wconf 86' lang='lat' dir='ltr'><strong><em>prius</em></strong></span> <span class='ocrx_word' id='word_1_87' title='bbox 1134 1434 1176 1492; x_wconf 88' lang='lat' dir='ltr'><strong><em>ad</em></strong></span> <span class='ocrx_word' id='word_1_88' title='bbox 1189 1435 1345 1494; x_wconf 74' lang='lat' dir='ltr'><strong><em>dicendane</em></strong></span> <span class='ocrx_word' id='word_1_89' title='bbox 1368 1454 1501 1499; x_wconf 82' lang='lat' dir='ltr'><strong><em>caussam</em></strong></span> <span class='ocrx_word' id='word_1_90' title='bbox 1515 1445 1560 1499; x_wconf 88' lang='lat' dir='ltr'><strong><em>ei-</em></strong></span> 
     </span>
     <span class='ocr_line' id='line_1_12' title="bbox 329 1520 1558 1606; baseline 0.002 -20"><span class='ocrx_word' id='word_1_91' title='bbox 329 1534 420 1606; x_wconf 88' lang='lat' dir='ltr'><strong><em>taios,</em></strong></span> <span class='ocrx_word' id='word_1_92' title='bbox 430 1532 460 1589; x_wconf 86' lang='lat' dir='ltr'><strong><em>et</em></strong></span> <span class='ocrx_word' id='word_1_93' title='bbox 472 1531 608 1589; x_wconf 82' lang='lat' dir='ltr'><strong><em>oriminis</em></strong></span> <span class='ocrx_word' id='word_1_94' title='bbox 619 1528 793 1588; x_wconf 69' lang='lat' dir='ltr'><strong><em>emendantia</em></strong></span> <span class='ocrx_word' id='word_1_95' title='bbox 806 1528 961 1602; x_wconf 76' lang='lat' dir='ltr'><strong><em>cessantes,</em></strong></span> <span class='ocrx_word' id='word_1_96' title='bbox 966 1520 1182 1600; x_wconf 76' lang='lat' dir='ltr'><strong><em>perduellionis</em></strong></span> <span class='ocrx_word' id='word_1_97' title='bbox 1193 1540 1256 1584; x_wconf 88' lang='lat' dir='ltr'><strong><em>reos</em></strong></span> <span class='ocrx_word' id='word_1_98' title='bbox 1266 1522 1415 1602; x_wconf 86' lang='lat' dir='ltr'><strong><em>bostasque</em></strong></span> <span class='ocrx_word' id='word_1_99' title='bbox 1420 1528 1558 1603; x_wconf 87' lang='lat' dir='ltr'><strong><em>publieos</em></strong></span> 
     </span>
    </p>
   </div>
   <div class='ocr_carea' id='block_1_8' title="bbox 326 1617 1561 1890">
    <p class='ocr_par' dir='ltr' id='par_1_8' title="bbox 326 1617 1561 1890">
     <span class='ocr_line' id='line_1_13' title="bbox 326 1617 1561 1704; baseline -0.001 -19"><span class='ocrx_word' id='word_1_100' title='bbox 326 1624 517 1704; x_wconf 69' lang='lat' dir='ltr'><strong><em>judaisme,</em></strong></span> <span class='ocrx_word' id='word_1_101' title='bbox 532 1629 560 1684; x_wconf 88' lang='lat' dir='ltr'><strong><em>et</em></strong></span> <span class='ocrx_word' id='word_1_102' title='bbox 575 1629 607 1684; x_wconf 90' lang='lat' dir='ltr'><strong><em>in</em></strong></span> <span class='ocrx_word' id='word_1_103' title='bbox 615 1638 779 1700; x_wconf 73' lang='lat' dir='ltr'><strong><em>pomarum</em></strong></span> <span class='ocrx_word' id='word_1_104' title='bbox 793 1624 929 1679; x_wconf 78' lang='lat' dir='ltr'><strong><em>anasiuni</em></strong></span> <span class='ocrx_word' id='word_1_105' title='bbox 941 1635 1039 1679; x_wconf 86' lang='lat' dir='ltr'><strong><em>earnm</em></strong></span> <span class='ocrx_word' id='word_1_106' title='bbox 1062 1637 1108 1679; x_wconf 89' lang='lat' dir='ltr'><strong><em>res</em></strong></span> <span class='ocrx_word' id='word_1_107' title='bbox 1122 1625 1154 1679; x_wconf 88' lang='lat' dir='ltr'><strong><em>in</em></strong></span> <span class='ocrx_word' id='word_1_108' title='bbox 1163 1617 1268 1693; x_wconf 77' lang='lat' dir='ltr'><strong><em>fiscum</em></strong></span> <span class='ocrx_word' id='word_1_109' title='bbox 1281 1620 1397 1700; x_wconf 89' lang='lat' dir='ltr'><strong><em>illatae,</em></strong></span> <span class='ocrx_word' id='word_1_110' title='bbox 1409 1630 1561 1702; x_wconf 83' lang='lat' dir='ltr'><strong><em>omniaque</em></strong></span> 
     </span>
     <span class='ocr_line' id='line_1_14' title="bbox 329 1709 1561 1795; baseline 0.004 -20"><span class='ocrx_word' id='word_1_111' title='bbox 329 1718 463 1777; x_wconf 85' lang='lat' dir='ltr'><strong><em>ciuitatis</em></strong></span> <span class='ocrx_word' id='word_1_112' title='bbox 475 1715 614 1791; x_wconf 88' lang='lat' dir='ltr'><strong><em>adempta</em></strong></span> <span class='ocrx_word' id='word_1_113' title='bbox 620 1714 695 1795; x_wconf 68' lang='lat' dir='ltr'><strong><em>J&#39;ura</em></strong></span> <span class='ocrx_word' id='word_1_114' title='bbox 700 1733 713 1784; x_wconf 91' lang='lat'><strong><em>,·</em></strong></span> <span class='ocrx_word' id='word_1_115' title='bbox 723 1715 828 1789; x_wconf 88' lang='lat' dir='ltr'><strong><em>pastea</em></strong></span> <span class='ocrx_word' id='word_1_116' title='bbox 844 1709 990 1771; x_wconf 85' lang='lat' dir='ltr'><strong><em>Grimaldi</em></strong></span> <span class='ocrx_word' id='word_1_117' title='bbox 1005 1711 1193 1790; x_wconf 85' lang='lat' dir='ltr'><strong><em>Cajalanique</em></strong></span> <span class='ocrx_word' id='word_1_118' title='bbox 1206 1710 1292 1770; x_wconf 88' lang='lat' dir='ltr'><strong><em>aedes</em></strong></span> <span class='ocrx_word' id='word_1_119' title='bbox 1306 1718 1434 1790; x_wconf 77' lang='lat' dir='ltr'><strong><em>excisae,</em></strong></span> <span class='ocrx_word' id='word_1_120' title='bbox 1446 1719 1481 1774; x_wconf 90' lang='lat' dir='ltr'><strong><em>ut</em></strong></span> <span class='ocrx_word' id='word_1_121' title='bbox 1494 1737 1561 1780; x_wconf 86' lang='lat' dir='ltr'><strong><em>ara-</em></strong></span> 
     </span>
     <span class='ocr_line' id='line_1_15' title="bbox 330 1805 1561 1890; baseline 0.002 -18"><span class='ocrx_word' id='word_1_122' title='bbox 330 1818 411 1872; x_wconf 80' lang='lat' dir='ltr'><strong><em>trum</em></strong></span> <span class='ocrx_word' id='word_1_123' title='bbox 427 1814 517 1890; x_wconf 84' lang='lat' dir='ltr'><strong><em>prius</em></strong></span> <span class='ocrx_word' id='word_1_124' title='bbox 524 1828 632 1888; x_wconf 91' lang='lat' dir='ltr'><strong><em>passa,</em></strong></span> <span class='ocrx_word' id='word_1_125' title='bbox 645 1827 717 1870; x_wconf 80' lang='lat' dir='ltr'><strong><em>moa</em></strong></span> <span class='ocrx_word' id='word_1_126' title='bbox 739 1808 802 1870; x_wconf 89' lang='lat' dir='ltr'><strong><em>sale</em></strong></span> <span class='ocrx_word' id='word_1_127' title='bbox 825 1824 991 1885; x_wconf 85' lang='lat' dir='ltr'><strong><em>consperso,</em></strong></span> <span class='ocrx_word' id='word_1_128' title='bbox 1006 1805 1361 1869; x_wconf 76' lang='lat' dir='ltr'><strong><em>mederaabaminalionis</em></strong></span> <span class='ocrx_word' id='word_1_129' title='bbox 1384 1815 1411 1868; x_wconf 88' lang='lat' dir='ltr'><strong><em>et</em></strong></span> <span class='ocrx_word' id='word_1_130' title='bbox 1424 1809 1561 1886; x_wconf 66' lang='lat' dir='ltr'><strong><em>indumine</em></strong></span> 
     </span>
    </p>
   </div>
   <div class='ocr_carea' id='block_1_9' title="bbox 330 1896 1685 1982">
    <p class='ocr_par' dir='ltr' id='par_1_9' title="bbox 330 1896 1685 1982">
     <span class='ocr_line' id='line_1_16' title="bbox 330 1896 1685 1982; baseline -0.001 -16"><span class='ocrx_word' id='word_1_131' title='bbox 330 1906 546 1964; x_wconf 68' lang='lat' dir='ltr'><strong><em>martenium</em></strong></span> <span class='ocrx_word' id='word_1_132' title='bbox 560 1904 736 1978; x_wconf 73' lang='lat' dir='ltr'><strong><em>sospesne.</em></strong></span> <span class='ocrx_word' id='word_1_133' title='bbox 754 1901 830 1958; x_wconf 86' lang='lat' dir='ltr'><strong><em>Dum</em></strong></span> <span class='ocrx_word' id='word_1_134' title='bbox 844 1896 915 1958; x_wconf 84' lang='lat' dir='ltr'><strong><em>laea</em></strong></span> <span class='ocrx_word' id='word_1_135' title='bbox 929 1903 1094 1975; x_wconf 82' lang='lat' dir='ltr'><strong><em>aperenlur,</em></strong></span> <span class='ocrx_word' id='word_1_136' title='bbox 1109 1901 1215 1958; x_wconf 88' lang='lat' dir='ltr'><strong><em>sensim</em></strong></span> <span class='ocrx_word' id='word_1_137' title='bbox 1227 1903 1352 1973; x_wconf 89' lang='lat' dir='ltr'><strong><em>pristina</em></strong></span> <span class='ocrx_word' id='word_1_138' title='bbox 1372 1907 1498 1967; x_wconf 83' lang='lat' dir='ltr'><strong><em>ciuitatis</em></strong></span> <span class='ocrx_word' id='word_1_139' title='bbox 1511 1904 1562 1982; x_wconf 77' lang='lat' dir='ltr'><strong><em>sa·</em></strong></span> <span class='ocrx_word' id='word_1_140' title='bbox 1683 1943 1685 1946; x_wconf 78' lang='lat'><em>.</em></span> 
     </span>
    </p>
   </div>
   <div class='ocr_carea' id='block_1_10' title="bbox 322 1995 1645 4785">
    <p class='ocr_par' dir='ltr' id='par_1_10' title="bbox 322 1995 1645 4785">
     <span class='ocr_line' id='line_1_17' title="bbox 334 1995 1560 2080; baseline 0 -19"><span class='ocrx_word' id='word_1_141' title='bbox 334 2006 394 2061; x_wconf 76' lang='lat' dir='ltr'><strong><em>cies</em></strong></span> <span class='ocrx_word' id='word_1_142' title='bbox 403 1999 612 2077; x_wconf 82' lang='lat' dir='ltr'><strong><em>inteqrabatur.</em></strong></span> <span class='ocrx_word' id='word_1_143' title='bbox 627 1997 704 2057; x_wconf 85' lang='lat' dir='ltr'><strong><em>Nam</em></strong></span> <span class='ocrx_word' id='word_1_144' title='bbox 719 1995 833 2055; x_wconf 78' lang='lat' dir='ltr'><strong><em>Proren</em></strong></span> <span class='ocrx_word' id='word_1_145' title='bbox 847 2013 877 2056; x_wconf 91' lang='lat' dir='ltr'><strong><em>se</em></strong></span> <span class='ocrx_word' id='word_1_146' title='bbox 884 1995 1000 2071; x_wconf 90' lang='lat' dir='ltr'><strong><em>populo</em></strong></span> <span class='ocrx_word' id='word_1_147' title='bbox 1014 1999 1118 2052; x_wconf 85' lang='lat' dir='ltr'><strong><em>ilerum</em></strong></span> <span class='ocrx_word' id='word_1_148' title='bbox 1131 1998 1366 2072; x_wconf 78' lang='lat' dir='ltr'><strong><em>conspiciendum</em></strong></span> <span class='ocrx_word' id='word_1_149' title='bbox 1376 2000 1522 2080; x_wconf 79' lang='lat' dir='ltr'><strong><em>ealdbuil,</em></strong></span> <span class='ocrx_word' id='word_1_150' title='bbox 1533 2008 1560 2061; x_wconf 92' lang='lat' dir='ltr'><strong><em>et</em></strong></span> 
     </span>
     <span class='ocr_line' id='line_1_18' title="bbox 331 2088 1561 2167; baseline 0.002 -15"><span class='ocrx_word' id='word_1_151' title='bbox 331 2110 397 2152; x_wconf 80' lang='lat' dir='ltr'><strong><em>enm</em></strong></span> <span class='ocrx_word' id='word_1_152' title='bbox 409 2091 533 2152; x_wconf 79' lang='lat' dir='ltr'><strong><em>solemni</em></strong></span> <span class='ocrx_word' id='word_1_153' title='bbox 547 2092 742 2152; x_wconf 85' lang='lat' dir='ltr'><strong><em>Helvetiorum</em></strong></span> <span class='ocrx_word' id='word_1_154' title='bbox 756 2093 868 2167; x_wconf 90' lang='lat' dir='ltr'><strong><em>stipatu</em></strong></span> <span class='ocrx_word' id='word_1_155' title='bbox 877 2088 1110 2165; x_wconf 78' lang='lat' dir='ltr'><strong><em>famulorumque</em></strong></span> <span class='ocrx_word' id='word_1_156' title='bbox 1120 2106 1228 2166; x_wconf 87' lang='lat' dir='ltr'><strong><em>pompa</em></strong></span> <span class='ocrx_word' id='word_1_157' title='bbox 1239 2092 1326 2151; x_wconf 85' lang='lat' dir='ltr'><strong><em>dirae</em></strong></span> <span class='ocrx_word' id='word_1_158' title='bbox 1333 2093 1448 2158; x_wconf 87' lang='lat' dir='ltr'><strong><em>Mariae</em></strong></span> <span class='ocrx_word' id='word_1_159' title='bbox 1457 2115 1477 2156; x_wconf 91' lang='lat' dir='ltr'><strong><em>a</em></strong></span> <span class='ocrx_word' id='word_1_160' title='bbox 1490 2097 1561 2156; x_wconf 86' lang='lat' dir='ltr'><strong><em>Car-</em></strong></span> 
     </span>
     <span class='ocr_line' id='line_1_19' title="bbox 329 2184 1561 2266; baseline 0.005 -18"><span class='ocrx_word' id='word_1_161' title='bbox 329 2188 408 2249; x_wconf 85' lang='lat' dir='ltr'><strong><em>mela</em></strong></span> <span class='ocrx_word' id='word_1_162' title='bbox 417 2192 514 2249; x_wconf 89' lang='lat' dir='ltr'><strong><em>monte</em></strong></span> <span class='ocrx_word' id='word_1_163' title='bbox 523 2189 620 2249; x_wconf 88' lang='lat' dir='ltr'><strong><em>dietae</em></strong></span> <span class='ocrx_word' id='word_1_164' title='bbox 632 2194 720 2249; x_wconf 89' lang='lat' dir='ltr'><strong><em>sitam</em></strong></span> <span class='ocrx_word' id='word_1_165' title='bbox 733 2195 764 2248; x_wconf 89' lang='lat' dir='ltr'><strong><em>in</em></strong></span> <span class='ocrx_word' id='word_1_166' title='bbox 778 2188 906 2247; x_wconf 87' lang='lat' dir='ltr'><strong><em>Mereato</em></strong></span> <span class='ocrx_word' id='word_1_167' title='bbox 919 2184 994 2245; x_wconf 86' lang='lat' dir='ltr'><strong><em>aeliit</em></strong></span> <span class='ocrx_word' id='word_1_168' title='bbox 1004 2186 1117 2261; x_wconf 79' lang='lat' dir='ltr'><strong><em>dedens,</em></strong></span> <span class='ocrx_word' id='word_1_169' title='bbox 1125 2189 1210 2261; x_wconf 86' lang='lat' dir='ltr'><strong><em>atque</em></strong></span> <span class='ocrx_word' id='word_1_170' title='bbox 1221 2193 1250 2246; x_wconf 89' lang='lat' dir='ltr'><strong><em>ei</em></strong></span> <span class='ocrx_word' id='word_1_171' title='bbox 1259 2193 1317 2246; x_wconf 91' lang='lat' dir='ltr'><strong><em>ima</em></strong></span> <span class='ocrx_word' id='word_1_172' title='bbox 1327 2189 1413 2266; x_wconf 83' lang='lat' dir='ltr'><strong><em>plebs</em></strong></span> <span class='ocrx_word' id='word_1_173' title='bbox 1422 2208 1476 2266; x_wconf 89' lang='lat' dir='ltr'><strong><em>per</em></strong></span> <span class='ocrx_word' id='word_1_174' title='bbox 1485 2211 1561 2253; x_wconf 75' lang='lat' dir='ltr'><strong><em>sum</em></strong></span> 
     </span>
     <span class='ocr_line' id='line_1_20' title="bbox 330 2274 1562 2356; baseline 0.005 -19"><span class='ocrx_word' id='word_1_175' title='bbox 330 2296 411 2338; x_wconf 89' lang='lat' dir='ltr'><strong><em>mam</em></strong></span> <span class='ocrx_word' id='word_1_176' title='bbox 433 2277 577 2338; x_wconf 86' lang='lat' dir='ltr'><strong><em>laetitiam</em></strong></span> <span class='ocrx_word' id='word_1_177' title='bbox 591 2283 724 2356; x_wconf 74' lang='lat' dir='ltr'><strong><em>excepto,</em></strong></span> <span class='ocrx_word' id='word_1_178' title='bbox 739 2295 821 2339; x_wconf 76' lang='lat' dir='ltr'><strong><em>mam</em></strong></span> <span class='ocrx_word' id='word_1_179' title='bbox 839 2290 911 2350; x_wconf 83' lang='lat' dir='ltr'><strong><em>erpa</em></strong></span> <span class='ocrx_word' id='word_1_180' title='bbox 931 2293 996 2335; x_wconf 83' lang='lat' dir='ltr'><strong><em>eura</em></strong></span> <span class='ocrx_word' id='word_1_181' title='bbox 1006 2274 1105 2351; x_wconf 76' lang='lat' dir='ltr'><strong><em>fidere,</em></strong></span> <span class='ocrx_word' id='word_1_182' title='bbox 1119 2279 1268 2352; x_wconf 79' lang='lat' dir='ltr'><strong><em>iainquam</em></strong></span> <span class='ocrx_word' id='word_1_183' title='bbox 1292 2278 1455 2354; x_wconf 73' lang='lat' dir='ltr'><strong><em>benefiaum</em></strong></span> <span class='ocrx_word' id='word_1_184' title='bbox 1468 2289 1562 2344; x_wconf 89' lang='lat' dir='ltr'><strong><em>animi</em></strong></span> 
     </span>
     <span class='ocr_line' id='line_1_21' title="bbox 325 2370 1559 2462; baseline 0.004 -30"><span class='ocrx_word' id='word_1_185' title='bbox 325 2372 435 2462; x_wconf 77' lang='lat' dir='ltr'><strong><em>pusilli</em></strong></span> <span class='ocrx_word' id='word_1_186' title='bbox 448 2380 718 2444; x_wconf 67' lang='lat' dir='ltr'><strong><em>commemorarunt.</em></strong></span> <span class='ocrx_word' id='word_1_187' title='bbox 727 2374 871 2434; x_wconf 81' lang='lat' dir='ltr'><strong><em>Hactenus</em></strong></span> <span class='ocrx_word' id='word_1_188' title='bbox 883 2375 1028 2449; x_wconf 69' lang='lat' dir='ltr'><strong><em>autemut</em></strong></span> <span class='ocrx_word' id='word_1_189' title='bbox 1042 2389 1103 2431; x_wconf 81' lang='lat' dir='ltr'><strong><em>ara</em></strong></span> <span class='ocrx_word' id='word_1_190' title='bbox 1116 2375 1157 2433; x_wconf 89' lang='lat' dir='ltr'><strong><em>ad</em></strong></span> <span class='ocrx_word' id='word_1_191' title='bbox 1170 2370 1467 2453; x_wconf 80' lang='lat' dir='ltr'><strong><em>Capuonamportam</em></strong></span> <span class='ocrx_word' id='word_1_192' title='bbox 1476 2384 1559 2441; x_wconf 89' lang='lat' dir='ltr'><strong><em>sarta</em></strong></span> 
     </span>
     <span class='ocr_line' id='line_1_22' title="bbox 331 2468 1558 2550; baseline 0.008 -24"><span class='ocrx_word' id='word_1_193' title='bbox 331 2473 465 2547; x_wconf 82' lang='lat' dir='ltr'><strong><em>tectaque</em></strong></span> <span class='ocrx_word' id='word_1_194' title='bbox 474 2475 636 2548; x_wconf 77' lang='lat' dir='ltr'><strong><em>miraretur,</em></strong></span> <span class='ocrx_word' id='word_1_195' title='bbox 651 2475 683 2529; x_wconf 90' lang='lat' dir='ltr'><strong><em>in</em></strong></span> <span class='ocrx_word' id='word_1_196' title='bbox 696 2470 910 2530; x_wconf 64' lang='lat' dir='ltr'><strong><em>montanorum</em></strong></span> <span class='ocrx_word' id='word_1_197' title='bbox 930 2468 1065 2528; x_wconf 79' lang='lat' dir='ltr'><strong><em>coenobia</em></strong></span> <span class='ocrx_word' id='word_1_198' title='bbox 1082 2470 1201 2531; x_wconf 83' lang='lat' dir='ltr'><strong><em>Consilii</em></strong></span> <span class='ocrx_word' id='word_1_199' title='bbox 1219 2473 1401 2548; x_wconf 76' lang='lat' dir='ltr'><strong><em>neapolitani</em></strong></span> <span class='ocrx_word' id='word_1_200' title='bbox 1414 2475 1558 2550; x_wconf 87' lang='lat' dir='ltr'><strong><em>tribunal,</em></strong></span> 
     </span>
     <span class='ocr_line' id='line_1_23' title="bbox 328 2567 1559 2647; baseline 0.006 -23"><span class='ocrx_word' id='word_1_201' title='bbox 328 2569 360 2624; x_wconf 83' lang='lat' dir='ltr'><strong><em>ul</em></strong></span> <span class='ocrx_word' id='word_1_202' title='bbox 373 2572 407 2625; x_wconf 86' lang='lat' dir='ltr'><strong><em>in</em></strong></span> <span class='ocrx_word' id='word_1_203' title='bbox 421 2568 508 2628; x_wconf 68' lang='grc' dir='ltr'><em>ἀίυαε</em></span> <span class='ocrx_word' id='word_1_204' title='bbox 522 2570 637 2629; x_wconf 73' lang='lat' dir='ltr'><strong><em>Metrias</em></strong></span> <span class='ocrx_word' id='word_1_205' title='bbox 649 2568 691 2628; x_wconf 85' lang='lat' dir='ltr'><strong><em>ael</em></strong></span> <span class='ocrx_word' id='word_1_206' title='bbox 705 2567 817 2626; x_wconf 83' lang='lat' dir='ltr'><strong><em>Nonam</em></strong></span> <span class='ocrx_word' id='word_1_207' title='bbox 829 2567 925 2626; x_wconf 79' lang='lat' dir='ltr'><strong><em>elisiae</em></strong></span> <span class='ocrx_word' id='word_1_208' title='bbox 942 2569 1044 2641; x_wconf 82' lang='lat' dir='ltr'><strong><em>Curia,</em></strong></span> <span class='ocrx_word' id='word_1_209' title='bbox 1058 2584 1144 2641; x_wconf 87' lang='lat' dir='ltr'><strong><em>quam</em></strong></span> <span class='ocrx_word' id='word_1_210' title='bbox 1166 2570 1311 2627; x_wconf 84' lang='lat' dir='ltr'><strong><em>Vieariam</em></strong></span> <span class='ocrx_word' id='word_1_211' title='bbox 1325 2570 1484 2647; x_wconf 75' lang='lat' dir='ltr'><strong><em>appellant,</em></strong></span> <span class='ocrx_word' id='word_1_212' title='bbox 1496 2590 1559 2632; x_wconf 90' lang='lat' dir='ltr'><strong><em>ere·</em></strong></span> 
     </span>
     <span class='ocr_line' id='line_1_24' title="bbox 327 2663 1561 2744; baseline 0.005 -23"><span class='ocrx_word' id='word_1_213' title='bbox 327 2668 386 2741; x_wconf 87' lang='lat' dir='ltr'><strong><em>eta,</em></strong></span> <span class='ocrx_word' id='word_1_214' title='bbox 395 2669 424 2724; x_wconf 89' lang='lat' dir='ltr'><strong><em>et</em></strong></span> <span class='ocrx_word' id='word_1_215' title='bbox 435 2667 519 2742; x_wconf 89' lang='lat' dir='ltr'><strong><em>apud</em></strong></span> <span class='ocrx_word' id='word_1_216' title='bbox 529 2665 709 2727; x_wconf 85' lang='lat' dir='ltr'><strong><em>Medieaeum</em></strong></span> <span class='ocrx_word' id='word_1_217' title='bbox 722 2669 903 2743; x_wconf 75' lang='lat' dir='ltr'><strong><em>quaestiones</em></strong></span> <span class='ocrx_word' id='word_1_218' title='bbox 908 2684 920 2734; x_wconf 86' lang='grc'><strong><em>,·</em></strong></span> <span class='ocrx_word' id='word_1_219' title='bbox 936 2663 1139 2723; x_wconf 84' lang='lat' dir='ltr'><strong><em>Aroeeaelium</em></strong></span> <span class='ocrx_word' id='word_1_220' title='bbox 1156 2666 1239 2725; x_wconf 83' lang='lat' dir='ltr'><strong><em>Fisei</em></strong></span> <span class='ocrx_word' id='word_1_221' title='bbox 1249 2684 1295 2726; x_wconf 87' lang='lat' dir='ltr'><strong><em>res</em></strong></span> <span class='ocrx_word' id='word_1_222' title='bbox 1310 2667 1481 2744; x_wconf 85' lang='lat' dir='ltr'><strong><em>aqebantar,</em></strong></span> <span class='ocrx_word' id='word_1_223' title='bbox 1495 2687 1561 2728; x_wconf 91' lang='lat' dir='ltr'><strong><em>ma-</em></strong></span> 
     </span>
     <span class='ocr_line' id='line_1_25' title="bbox 327 2755 1560 2835; baseline 0.002 -18"><span class='ocrx_word' id='word_1_224' title='bbox 327 2763 375 2835; x_wconf 82' lang='lat' dir='ltr'><strong><em>qis</em></strong></span> <span class='ocrx_word' id='word_1_225' title='bbox 387 2763 557 2834; x_wconf 78' lang='lat' dir='ltr'><strong><em>inspeciem</em></strong></span> <span class='ocrx_word' id='word_1_226' title='bbox 570 2760 737 2819; x_wconf 85' lang='lat' dir='ltr'><strong><em>sedatorum</em></strong></span> <span class='ocrx_word' id='word_1_227' title='bbox 755 2774 861 2818; x_wconf 87' lang='lat' dir='ltr'><strong><em>rerum.</em></strong></span> <span class='ocrx_word' id='word_1_228' title='bbox 882 2756 993 2816; x_wconf 84' lang='lat' dir='ltr'><strong><em>Etenim</em></strong></span> <span class='ocrx_word' id='word_1_229' title='bbox 1005 2758 1052 2816; x_wconf 88' lang='lat' dir='ltr'><strong><em>die</em></strong></span> <span class='ocrx_word' id='word_1_230' title='bbox 1067 2755 1242 2818; x_wconf 80' lang='lat' dir='ltr'><strong><em>debitoribus</em></strong></span> <span class='ocrx_word' id='word_1_231' title='bbox 1250 2758 1386 2835; x_wconf 84' lang='lat' dir='ltr'><strong><em>prolata,</em></strong></span> <span class='ocrx_word' id='word_1_232' title='bbox 1407 2758 1560 2819; x_wconf 74' lang='lat' dir='ltr'><strong><em>relaxato·</em></strong></span> 
     </span>
     <span class='ocr_line' id='line_1_26' title="bbox 328 2845 1559 2926; baseline 0 -18"><span class='ocrx_word' id='word_1_233' title='bbox 328 2865 386 2924; x_wconf 85' lang='lat' dir='ltr'><strong><em>que</em></strong></span> <span class='ocrx_word' id='word_1_234' title='bbox 399 2847 542 2908; x_wconf 69' lang='lat' dir='ltr'><strong><em>Meddaei</em></strong></span> <span class='ocrx_word' id='word_1_235' title='bbox 552 2852 660 2926; x_wconf 84' lang='lat' dir='ltr'><strong><em>rlqore,</em></strong></span> <span class='ocrx_word' id='word_1_236' title='bbox 675 2851 708 2907; x_wconf 90' lang='lat' dir='ltr'><strong><em>ut</em></strong></span> <span class='ocrx_word' id='word_1_237' title='bbox 719 2852 746 2907; x_wconf 90' lang='lat' dir='ltr'><strong><em>el</em></strong></span> <span class='ocrx_word' id='word_1_238' title='bbox 758 2849 841 2924; x_wconf 90' lang='lat' dir='ltr'><strong><em>apud</em></strong></span> <span class='ocrx_word' id='word_1_239' title='bbox 855 2845 1009 2922; x_wconf 82' lang='lat' dir='ltr'><strong><em>Proreqem</em></strong></span> <span class='ocrx_word' id='word_1_240' title='bbox 1021 2849 1130 2923; x_wconf 86' lang='lat' dir='ltr'><strong><em>qratia,</em></strong></span> <span class='ocrx_word' id='word_1_241' title='bbox 1144 2862 1204 2905; x_wconf 89' lang='lat' dir='ltr'><strong><em>non</em></strong></span> <span class='ocrx_word' id='word_1_242' title='bbox 1218 2851 1277 2906; x_wconf 92' lang='lat' dir='ltr'><strong><em>lom</em></strong></span> <span class='ocrx_word' id='word_1_243' title='bbox 1291 2854 1349 2906; x_wconf 90' lang='lat' dir='ltr'><strong><em>oeii</em></strong></span> <span class='ocrx_word' id='word_1_244' title='bbox 1357 2845 1496 2909; x_wconf 77' lang='lat' dir='ltr'><strong><em>trahendi</em></strong></span> <span class='ocrx_word' id='word_1_245' title='bbox 1508 2868 1559 2911; x_wconf 91' lang='lat' dir='ltr'><strong><em>ar·</em></strong></span> 
     </span>
     <span class='ocr_line' id='line_1_27' title="bbox 329 2941 1558 3021; baseline 0 -16"><span class='ocrx_word' id='word_1_246' title='bbox 329 2951 383 3020; x_wconf 88' lang='lat' dir='ltr'><strong><em>tes,</em></strong></span> <span class='ocrx_word' id='word_1_247' title='bbox 394 2959 482 3020; x_wconf 62' lang='lat' dir='ltr'><strong><em>mam</em></strong></span> <span class='ocrx_word' id='word_1_248' title='bbox 497 2949 612 3002; x_wconf 88' lang='lat' dir='ltr'><strong><em>armata</em></strong></span> <span class='ocrx_word' id='word_1_249' title='bbox 625 2951 710 3021; x_wconf 80' lang='lat' dir='ltr'><strong><em>requi</em></strong></span> <span class='ocrx_word' id='word_1_250' title='bbox 721 2948 861 3005; x_wconf 87' lang='lat' dir='ltr'><strong><em>seaurilas</em></strong></span> <span class='ocrx_word' id='word_1_251' title='bbox 881 2941 1058 3011; x_wconf 51' lang='lat' dir='ltr'><strong><em>euroboreo</em></strong></span> <span class='ocrx_word' id='word_1_252' title='bbox 1073 2958 1143 2999; x_wconf 91' lang='lat' dir='ltr'><strong><em>nam</em></strong></span> <span class='ocrx_word' id='word_1_253' title='bbox 1158 2948 1276 3020; x_wconf 83' lang='lat' dir='ltr'><strong><em>arqente</em></strong></span> <span class='ocrx_word' id='word_1_254' title='bbox 1289 2949 1366 3002; x_wconf 87' lang='lat' dir='ltr'><strong><em>metu</em></strong></span> <span class='ocrx_word' id='word_1_255' title='bbox 1384 2947 1421 3004; x_wconf 83' lang='lat' dir='ltr'><strong><em>de</em></strong></span> <span class='ocrx_word' id='word_1_256' title='bbox 1439 2946 1558 3005; x_wconf 72' lang='lat' dir='ltr'><strong><em>Gennesa-</em></strong></span> 
     </span>
     <span class='ocr_line' id='line_1_28' title="bbox 327 3036 1557 3115; baseline -0.001 -18"><span class='ocrx_word' id='word_1_257' title='bbox 327 3052 434 3097; x_wconf 72' lang='lat' dir='ltr'><strong><em>nomm</em></strong></span> <span class='ocrx_word' id='word_1_258' title='bbox 447 3042 480 3096; x_wconf 81' lang='lat' dir='ltr'><strong><em>in</em></strong></span> <span class='ocrx_word' id='word_1_259' title='bbox 494 3053 612 3112; x_wconf 74' lang='lat' dir='ltr'><strong><em>reanum</em></strong></span> <span class='ocrx_word' id='word_1_260' title='bbox 626 3043 797 3115; x_wconf 85' lang='lat' dir='ltr'><strong><em>irruptione,</em></strong></span> <span class='ocrx_word' id='word_1_261' title='bbox 808 3043 835 3096; x_wconf 92' lang='lat' dir='ltr'><strong><em>et</em></strong></span> <span class='ocrx_word' id='word_1_262' title='bbox 845 3042 929 3114; x_wconf 87' lang='lat' dir='ltr'><strong><em>roqni</em></strong></span> <span class='ocrx_word' id='word_1_263' title='bbox 943 3040 969 3096; x_wconf 87' lang='lat' dir='ltr'><strong><em>ei</em></strong></span> <span class='ocrx_word' id='word_1_264' title='bbox 983 3037 1062 3095; x_wconf 89' lang='lat' dir='ltr'><strong><em>urbis</em></strong></span> <span class='ocrx_word' id='word_1_265' title='bbox 1077 3041 1251 3094; x_wconf 86' lang='lat' dir='ltr'><strong><em>munimenta</em></strong></span> <span class='ocrx_word' id='word_1_266' title='bbox 1261 3043 1298 3095; x_wconf 91' lang='lat' dir='ltr'><strong><em>iis</em></strong></span> <span class='ocrx_word' id='word_1_267' title='bbox 1308 3056 1384 3113; x_wconf 86' lang='lat' dir='ltr'><strong><em>quae</em></strong></span> <span class='ocrx_word' id='word_1_268' title='bbox 1400 3036 1475 3096; x_wconf 90' lang='lat' dir='ltr'><strong><em>bello</em></strong></span> <span class='ocrx_word' id='word_1_269' title='bbox 1486 3043 1557 3114; x_wconf 62' lang='lat' dir='ltr'><strong><em>aad</em></strong></span> 
     </span>
     <span class='ocr_line' id='line_1_29' title="bbox 327 3127 1557 3206; baseline 0 -18"><span class='ocrx_word' id='word_1_270' title='bbox 327 3132 397 3188; x_wconf 78' lang='lat' dir='ltr'><strong><em>sunt</em></strong></span> <span class='ocrx_word' id='word_1_271' title='bbox 409 3130 562 3187; x_wconf 68' lang='lat' dir='ltr'><strong><em>menate.</em></strong></span> <span class='ocrx_word' id='word_1_272' title='bbox 576 3127 672 3201; x_wconf 84' lang='lat' dir='ltr'><strong><em>Reqni</em></strong></span> <span class='ocrx_word' id='word_1_273' title='bbox 683 3133 750 3188; x_wconf 86' lang='lat' dir='ltr'><strong><em>item</em></strong></span> <span class='ocrx_word' id='word_1_274' title='bbox 764 3146 848 3188; x_wconf 90' lang='lat' dir='ltr'><strong><em>arma</em></strong></span> <span class='ocrx_word' id='word_1_275' title='bbox 861 3132 1015 3204; x_wconf 88' lang='lat' dir='ltr'><strong><em>imperata,</em></strong></span> <span class='ocrx_word' id='word_1_276' title='bbox 1028 3131 1055 3186; x_wconf 87' lang='lat' dir='ltr'><strong><em>el</em></strong></span> <span class='ocrx_word' id='word_1_277' title='bbox 1068 3134 1100 3186; x_wconf 87' lang='lat' dir='ltr'><strong><em>in</em></strong></span> <span class='ocrx_word' id='word_1_278' title='bbox 1113 3127 1183 3185; x_wconf 89' lang='lat' dir='ltr'><strong><em>urbe</em></strong></span> <span class='ocrx_word' id='word_1_279' title='bbox 1193 3132 1350 3204; x_wconf 86' lang='lat' dir='ltr'><strong><em>praeterea</em></strong></span> <span class='ocrx_word' id='word_1_280' title='bbox 1363 3127 1462 3188; x_wconf 62' lang='lat' dir='ltr'><strong><em>wem</em></strong></span> <span class='ocrx_word' id='word_1_281' title='bbox 1473 3136 1557 3206; x_wconf 89' lang='lat' dir='ltr'><strong><em>equi·</em></strong></span> 
     </span>
     <span class='ocr_line' id='line_1_30' title="bbox 327 3215 1556 3295; baseline 0.001 -18"><span class='ocrx_word' id='word_1_282' title='bbox 327 3223 391 3277; x_wconf 86' lang='lat' dir='ltr'><strong><em>tuns</em></strong></span> <span class='ocrx_word' id='word_1_283' title='bbox 404 3221 516 3276; x_wconf 85' lang='lat' dir='ltr'><strong><em>turmae</em></strong></span> <span class='ocrx_word' id='word_1_284' title='bbox 527 3221 651 3295; x_wconf 84' lang='lat' dir='ltr'><strong><em>sareptae</em></strong></span> <span class='ocrx_word' id='word_1_285' title='bbox 660 3222 726 3277; x_wconf 84' lang='lat' dir='ltr'><strong><em>sard</em></strong></span> <span class='ocrx_word' id='word_1_286' title='bbox 732 3240 744 3289; x_wconf 85' lang='lat'><strong><em>‚·</em></strong></span> <span class='ocrx_word' id='word_1_287' title='bbox 757 3236 792 3277; x_wconf 88' lang='lat' dir='ltr'><strong><em>ne</em></strong></span> <span class='ocrx_word' id='word_1_288' title='bbox 805 3220 903 3278; x_wconf 77' lang='lat' dir='ltr'><strong><em>elecem</em></strong></span> <span class='ocrx_word' id='word_1_289' title='bbox 912 3215 1111 3292; x_wconf 86' lang='lat' dir='ltr'><strong><em>neapolitanis</em></strong></span> <span class='ocrx_word' id='word_1_290' title='bbox 1119 3220 1269 3293; x_wconf 83' lang='lat' dir='ltr'><strong><em>patriciis,</em></strong></span> <span class='ocrx_word' id='word_1_291' title='bbox 1275 3218 1410 3293; x_wconf 85' lang='lat' dir='ltr'><strong><em>plurima</em></strong></span> <span class='ocrx_word' id='word_1_292' title='bbox 1422 3234 1464 3274; x_wconf 76' lang='lat' dir='ltr'><strong><em>ea</em></strong></span> <span class='ocrx_word' id='word_1_293' title='bbox 1471 3222 1556 3293; x_wconf 80' lang='lat' dir='ltr'><strong><em>parte</em></strong></span> 
     </span>
     <span class='ocr_line' id='line_1_31' title="bbox 322 3308 1554 3389; baseline -0.002 -19"><span class='ocrx_word' id='word_1_294' title='bbox 322 3311 500 3389; x_wconf 70' lang='lat' dir='ltr'><strong><em>proceribus</em></strong></span> <span class='ocrx_word' id='word_1_295' title='bbox 514 3316 565 3372; x_wconf 88' lang='lat' dir='ltr'><strong><em>aul</em></strong></span> <span class='ocrx_word' id='word_1_296' title='bbox 573 3328 730 3389; x_wconf 86' lang='lat' dir='ltr'><strong><em>praeeram</em></strong></span> <span class='ocrx_word' id='word_1_297' title='bbox 739 3312 823 3386; x_wconf 80' lang='lat' dir='ltr'><strong><em>filiis,</em></strong></span> <span class='ocrx_word' id='word_1_298' title='bbox 830 3315 1002 3388; x_wconf 76' lang='lat' dir='ltr'><strong><em>peinaissae.</em></strong></span> <span class='ocrx_word' id='word_1_299' title='bbox 1020 3308 1142 3388; x_wconf 81' lang='lat' dir='ltr'><strong><em>Psareqi</em></strong></span> <span class='ocrx_word' id='word_1_300' title='bbox 1150 3309 1222 3369; x_wconf 85' lang='lat' dir='ltr'><strong><em>laea</em></strong></span> <span class='ocrx_word' id='word_1_301' title='bbox 1236 3315 1337 3388; x_wconf 85' lang='lat' dir='ltr'><strong><em>aqenti</em></strong></span> <span class='ocrx_word' id='word_1_302' title='bbox 1347 3326 1440 3370; x_wconf 84' lang='lat' dir='ltr'><strong><em>nanus</em></strong></span> <span class='ocrx_word' id='word_1_303' title='bbox 1450 3311 1554 3383; x_wconf 79' lang='lat' dir='ltr'><strong><em>iudea,</em></strong></span> 
     </span>
     <span class='ocr_line' id='line_1_32' title="bbox 327 3403 1552 3485; baseline -0.005 -17"><span class='ocrx_word' id='word_1_304' title='bbox 327 3412 361 3468; x_wconf 87' lang='lat' dir='ltr'><strong><em>ut</em></strong></span> <span class='ocrx_word' id='word_1_305' title='bbox 368 3407 623 3485; x_wconf 64' lang='lat' dir='ltr'><strong><em>patremfamilias</em></strong></span> <span class='ocrx_word' id='word_1_306' title='bbox 633 3408 781 3468; x_wconf 86' lang='lat' dir='ltr'><strong><em>ulcisceret</em></strong></span> <span class='ocrx_word' id='word_1_307' title='bbox 791 3414 844 3484; x_wconf 87' lang='lat' dir='ltr'><strong><em>qni</em></strong></span> <span class='ocrx_word' id='word_1_308' title='bbox 856 3408 912 3469; x_wconf 86' lang='lat' dir='ltr'><strong><em>sibi</em></strong></span> <span class='ocrx_word' id='word_1_309' title='bbox 920 3407 1016 3483; x_wconf 67' lang='lat' dir='ltr'><strong><em>(iliam</em></strong></span> <span class='ocrx_word' id='word_1_310' title='bbox 1026 3413 1134 3481; x_wconf 85' lang='lat' dir='ltr'><strong><em>nuptui</em></strong></span> <span class='ocrx_word' id='word_1_311' title='bbox 1141 3411 1279 3469; x_wconf 77' lang='lat' dir='ltr'><strong><em>datiarum</em></strong></span> <span class='ocrx_word' id='word_1_312' title='bbox 1290 3410 1426 3484; x_wconf 87' lang='lat' dir='ltr'><strong><em>neqarnt,</em></strong></span> <span class='ocrx_word' id='word_1_313' title='bbox 1437 3403 1552 3480; x_wconf 79' lang='lat' dir='ltr'><strong><em>debelii,</em></strong></span> 
     </span>
     <span class='ocr_line' id='line_1_33' title="bbox 328 3496 1552 3578; baseline -0.005 -17"><span class='ocrx_word' id='word_1_314' title='bbox 328 3502 452 3561; x_wconf 73' lang='lat' dir='ltr'><strong><em>iuraui</em></strong></span> <span class='ocrx_word' id='word_1_315' title='bbox 461 3504 553 3578; x_wconf 85' lang='lat' dir='ltr'><strong><em>noete,</em></strong></span> <span class='ocrx_word' id='word_1_316' title='bbox 567 3518 681 3563; x_wconf 73' lang='lat' dir='ltr'><strong><em>pansas</em></strong></span> <span class='ocrx_word' id='word_1_317' title='bbox 696 3503 879 3575; x_wconf 87' lang='lat' dir='ltr'><strong><em>arqentarias</em></strong></span> <span class='ocrx_word' id='word_1_318' title='bbox 899 3504 926 3558; x_wconf 89' lang='lat' dir='ltr'><strong><em>el</em></strong></span> <span class='ocrx_word' id='word_1_319' title='bbox 939 3501 1121 3575; x_wconf 87' lang='lat' dir='ltr'><strong><em>opulentiam</em></strong></span> <span class='ocrx_word' id='word_1_320' title='bbox 1134 3502 1221 3560; x_wconf 87' lang='lat' dir='ltr'><strong><em>aedes</em></strong></span> <span class='ocrx_word' id='word_1_321' title='bbox 1235 3498 1271 3556; x_wconf 89' lang='lat' dir='ltr'><strong><em>ab</em></strong></span> <span class='ocrx_word' id='word_1_322' title='bbox 1285 3502 1344 3555; x_wconf 89' lang='lat' dir='ltr'><strong><em>ima</em></strong></span> <span class='ocrx_word' id='word_1_323' title='bbox 1355 3496 1440 3573; x_wconf 88' lang='lat' dir='ltr'><strong><em>plebe</em></strong></span> <span class='ocrx_word' id='word_1_324' title='bbox 1454 3500 1552 3573; x_wconf 85' lang='lat' dir='ltr'><strong><em>direp-</em></strong></span> 
     </span>
     <span class='ocr_line' id='line_1_34' title="bbox 328 3588 1552 3671; baseline 0 -23"><span class='ocrx_word' id='word_1_325' title='bbox 328 3593 391 3648; x_wconf 83' lang='lat' dir='ltr'><strong><em>tam</em></strong></span> <span class='ocrx_word' id='word_1_326' title='bbox 402 3594 452 3666; x_wconf 83' lang='lat' dir='ltr'><strong><em>iri,</em></strong></span> <span class='ocrx_word' id='word_1_327' title='bbox 465 3593 494 3649; x_wconf 89' lang='lat' dir='ltr'><strong><em>et</em></strong></span> <span class='ocrx_word' id='word_1_328' title='bbox 506 3590 623 3666; x_wconf 86' lang='lat' dir='ltr'><strong><em>puellae</em></strong></span> <span class='ocrx_word' id='word_1_329' title='bbox 631 3593 747 3667; x_wconf 86' lang='lat' dir='ltr'><strong><em>patrem</em></strong></span> <span class='ocrx_word' id='word_1_330' title='bbox 760 3594 792 3648; x_wconf 93' lang='lat' dir='ltr'><strong><em>in</em></strong></span> <span class='ocrx_word' id='word_1_331' title='bbox 797 3597 963 3667; x_wconf 79' lang='lat' dir='ltr'><strong><em>praecipuis</em></strong></span> <span class='ocrx_word' id='word_1_332' title='bbox 975 3591 1135 3671; x_wconf 75' lang='lat' dir='ltr'><strong><em>conjuratis</em></strong></span> <span class='ocrx_word' id='word_1_333' title='bbox 1142 3592 1339 3649; x_wconf 69' lang='lat' dir='ltr'><strong><em>emnumiaoit.</em></strong></span> <span class='ocrx_word' id='word_1_334' title='bbox 1351 3588 1466 3650; x_wconf 72' lang='lat' dir='ltr'><strong><em>Saletlos</em></strong></span> <span class='ocrx_word' id='word_1_335' title='bbox 1482 3589 1552 3648; x_wconf 88' lang='lat' dir='ltr'><strong><em>Pro-</em></strong></span> 
     </span>
     <span class='ocr_line' id='line_1_35' title="bbox 330 3684 1645 3766; baseline -0.002 -24"><span class='ocrx_word' id='word_1_336' title='bbox 330 3701 387 3744; x_wconf 70' lang='lat' dir='ltr'><strong><em>rete</em></strong></span> <span class='ocrx_word' id='word_1_337' title='bbox 395 3689 513 3763; x_wconf 70' lang='lat' dir='ltr'><strong><em>mutauit</em></strong></span> <span class='ocrx_word' id='word_1_338' title='bbox 525 3684 619 3759; x_wconf 83' lang='lat' dir='ltr'><strong><em>dolos,</em></strong></span> <span class='ocrx_word' id='word_1_339' title='bbox 634 3684 715 3763; x_wconf 86' lang='lat' dir='ltr'><strong><em>quod</em></strong></span> <span class='ocrx_word' id='word_1_340' title='bbox 726 3687 959 3766; x_wconf 78' lang='lat' dir='ltr'><strong><em>conjurationum</em></strong></span> <span class='ocrx_word' id='word_1_341' title='bbox 973 3691 1107 3748; x_wconf 87' lang='lat' dir='ltr'><strong><em>incendia</em></strong></span> <span class='ocrx_word' id='word_1_342' title='bbox 1116 3693 1214 3763; x_wconf 88' lang='lat' dir='ltr'><strong><em>primo</em></strong></span> <span class='ocrx_word' id='word_1_343' title='bbox 1229 3702 1392 3761; x_wconf 87' lang='lat' dir='ltr'><strong><em>eompressa</em></strong></span> <span class='ocrx_word' id='word_1_344' title='bbox 1406 3699 1551 3760; x_wconf 85' lang='lat' dir='ltr'><strong><em>nusquam</em></strong></span> <span class='ocrx_word' id='word_1_345' title='bbox 1643 3735 1645 3740; x_wconf 87' lang='lat'><em>.</em></span> 
     </span>
     <span class='ocr_line' id='line_1_36' title="bbox 328 3777 1553 3857; baseline 0.002 -23"><span class='ocrx_word' id='word_1_346' title='bbox 328 3779 371 3836; x_wconf 83' lang='lat' dir='ltr'><strong><em>ita</em></strong></span> <span class='ocrx_word' id='word_1_347' title='bbox 384 3781 606 3856; x_wconf 73' lang='lat' dir='ltr'><strong><em>emaqmusr,</em></strong></span> <span class='ocrx_word' id='word_1_348' title='bbox 616 3787 687 3857; x_wconf 87' lang='lat' dir='ltr'><strong><em>quin</em></strong></span> <span class='ocrx_word' id='word_1_349' title='bbox 696 3778 748 3837; x_wconf 85' lang='lat' dir='ltr'><strong><em>sub</em></strong></span> <span class='ocrx_word' id='word_1_350' title='bbox 762 3785 856 3840; x_wconf 82' lang='lat' dir='ltr'><strong><em>cinere</em></strong></span> <span class='ocrx_word' id='word_1_351' title='bbox 867 3780 991 3856; x_wconf 86' lang='lat' dir='ltr'><strong><em>iqnieali</em></strong></span> <span class='ocrx_word' id='word_1_352' title='bbox 1001 3784 1138 3839; x_wconf 76' lang='lat' dir='ltr'><strong><em>naamani</em></strong></span> <span class='ocrx_word' id='word_1_353' title='bbox 1147 3783 1300 3854; x_wconf 84' lang='lat' dir='ltr'><strong><em>consopiti,</em></strong></span> <span class='ocrx_word' id='word_1_354' title='bbox 1313 3782 1372 3837; x_wconf 84' lang='lat' dir='ltr'><strong><em>sire</em></strong></span> <span class='ocrx_word' id='word_1_355' title='bbox 1382 3783 1453 3854; x_wconf 86' lang='lat' dir='ltr'><strong><em>quia</em></strong></span> <span class='ocrx_word' id='word_1_356' title='bbox 1464 3777 1553 3837; x_wconf 83' lang='lat' dir='ltr'><strong><em>aebe-</em></strong></span> 
     </span>
     <span class='ocr_line' id='line_1_37' title="bbox 329 3870 1559 3952; baseline 0 -20"><span class='ocrx_word' id='word_1_357' title='bbox 329 3886 411 3932; x_wconf 80' lang='lat' dir='ltr'><strong><em>mens</em></strong></span> <span class='ocrx_word' id='word_1_358' title='bbox 421 3875 465 3932; x_wconf 88' lang='lat' dir='ltr'><strong><em>est</em></strong></span> <span class='ocrx_word' id='word_1_359' title='bbox 486 3877 532 3934; x_wconf 86' lang='lat' dir='ltr'><strong><em>uis</em></strong></span> <span class='ocrx_word' id='word_1_360' title='bbox 544 3874 684 3951; x_wconf 81' lang='lat' dir='ltr'><strong><em>eaernpli,</em></strong></span> <span class='ocrx_word' id='word_1_361' title='bbox 699 3880 760 3933; x_wconf 81' lang='lat' dir='ltr'><strong><em>sine</em></strong></span> <span class='ocrx_word' id='word_1_362' title='bbox 772 3880 842 3950; x_wconf 86' lang='lat' dir='ltr'><strong><em>qnia</em></strong></span> <span class='ocrx_word' id='word_1_363' title='bbox 860 3876 1018 3948; x_wconf 89' lang='lat' dir='ltr'><strong><em>erroribus,</em></strong></span> <span class='ocrx_word' id='word_1_364' title='bbox 1028 3893 1086 3951; x_wconf 87' lang='lat' dir='ltr'><strong><em>per</em></strong></span> <span class='ocrx_word' id='word_1_365' title='bbox 1099 3890 1171 3952; x_wconf 87' lang='lat' dir='ltr'><strong><em>quas</em></strong></span> <span class='ocrx_word' id='word_1_366' title='bbox 1194 3877 1236 3932; x_wconf 86' lang='lat' dir='ltr'><strong><em>est</em></strong></span> <span class='ocrx_word' id='word_1_367' title='bbox 1251 3870 1402 3951; x_wconf 73' lang='lat' dir='ltr'><strong><em>offensum,</em></strong></span> <span class='ocrx_word' id='word_1_368' title='bbox 1419 3874 1559 3933; x_wconf 87' lang='lat' dir='ltr'><strong><em>animael-</em></strong></span> 
     </span>
     <span class='ocr_line' id='line_1_38' title="bbox 329 3962 1557 4042; baseline 0.004 -25"><span class='ocrx_word' id='word_1_369' title='bbox 329 3967 539 4036; x_wconf 61' lang='lat' dir='ltr'><strong><em>vesaniorem</em></strong></span> <span class='ocrx_word' id='word_1_370' title='bbox 553 3967 697 4039; x_wconf 80' lang='lat' dir='ltr'><strong><em>eastiqata</em></strong></span> <span class='ocrx_word' id='word_1_371' title='bbox 706 3979 766 4022; x_wconf 79' lang='lat' dir='ltr'><strong><em>rats</em></strong></span> <span class='ocrx_word' id='word_1_372' title='bbox 776 3966 813 4025; x_wconf 80' lang='lat' dir='ltr'><strong><em>ele</em></strong></span> <span class='ocrx_word' id='word_1_373' title='bbox 822 3968 933 4040; x_wconf 80' lang='lat' dir='ltr'><strong><em>intepro</em></strong></span> <span class='ocrx_word' id='word_1_374' title='bbox 943 3973 1061 4041; x_wconf 83' lang='lat' dir='ltr'><strong><em>sperant</em></strong></span> <span class='ocrx_word' id='word_1_375' title='bbox 1076 3963 1257 4042; x_wconf 78' lang='lat' dir='ltr'><strong><em>aequabilius</em></strong></span> <span class='ocrx_word' id='word_1_376' title='bbox 1266 3976 1480 4037; x_wconf 85' lang='lat' dir='ltr'><strong><em>processuram.</em></strong></span> <span class='ocrx_word' id='word_1_377' title='bbox 1494 3962 1557 4022; x_wconf 84' lang='lat' dir='ltr'><strong><em>ltre-</em></strong></span> 
     </span>
     <span class='ocr_line' id='line_1_39' title="bbox 328 4050 1559 4136; baseline 0.001 -25"><span class='ocrx_word' id='word_1_378' title='bbox 328 4068 383 4128; x_wconf 81' lang='lat' dir='ltr'><strong><em>que</em></strong></span> <span class='ocrx_word' id='word_1_379' title='bbox 396 4050 544 4129; x_wconf 69' lang='lat' dir='ltr'><strong><em>extemplo</em></strong></span> <span class='ocrx_word' id='word_1_380' title='bbox 557 4050 628 4112; x_wconf 81' lang='lat' dir='ltr'><strong><em>base</em></strong></span> <span class='ocrx_word' id='word_1_381' title='bbox 637 4071 713 4113; x_wconf 84' lang='lat' dir='ltr'><strong><em>naua</em></strong></span> <span class='ocrx_word' id='word_1_382' title='bbox 727 4054 887 4131; x_wconf 77' lang='lat' dir='ltr'><strong><em>Hispaniae</em></strong></span> <span class='ocrx_word' id='word_1_383' title='bbox 901 4057 1069 4135; x_wconf 79' lang='lat' dir='ltr'><strong><em>Galliaeque</em></strong></span> <span class='ocrx_word' id='word_1_384' title='bbox 1079 4073 1160 4136; x_wconf 81' lang='lat' dir='ltr'><strong><em>repes</em></strong></span> <span class='ocrx_word' id='word_1_385' title='bbox 1168 4055 1282 4114; x_wconf 79' lang='lat' dir='ltr'><strong><em>edocuit</em></strong></span> <span class='ocrx_word' id='word_1_386' title='bbox 1289 4071 1301 4120; x_wconf 90' lang='lat'><em>;</em></span> <span class='ocrx_word' id='word_1_387' title='bbox 1316 4067 1388 4107; x_wconf 81' lang='lat' dir='ltr'><strong><em>rnoa</em></strong></span> <span class='ocrx_word' id='word_1_388' title='bbox 1399 4053 1559 4128; x_wconf 84' lang='lat' dir='ltr'><strong><em>eonnplari·</em></strong></span> 
     </span>
     <span class='ocr_line' id='line_1_40' title="bbox 329 4143 1557 4230; baseline 0.003 -25"><span class='ocrx_word' id='word_1_389' title='bbox 329 4143 380 4205; x_wconf 80' lang='lat' dir='ltr'><strong><em>bas</em></strong></span> <span class='ocrx_word' id='word_1_390' title='bbox 393 4160 434 4204; x_wconf 78' lang='lat' dir='ltr'><strong><em>aa</em></strong></span> <span class='ocrx_word' id='word_1_391' title='bbox 445 4144 596 4207; x_wconf 85' lang='lat' dir='ltr'><strong><em>nobilitate</em></strong></span> <span class='ocrx_word' id='word_1_392' title='bbox 604 4151 761 4225; x_wconf 91' lang='lat' dir='ltr'><strong><em>prompsit,</em></strong></span> <span class='ocrx_word' id='word_1_393' title='bbox 781 4167 885 4226; x_wconf 87' lang='lat' dir='ltr'><strong><em>easque</em></strong></span> <span class='ocrx_word' id='word_1_394' title='bbox 898 4153 955 4212; x_wconf 89' lang='lat' dir='ltr'><strong><em>sibi</em></strong></span> <span class='ocrx_word' id='word_1_395' title='bbox 963 4154 1066 4215; x_wconf 88' lang='lat' dir='ltr'><strong><em>adesse</em></strong></span> <span class='ocrx_word' id='word_1_396' title='bbox 1075 4154 1222 4230; x_wconf 85' lang='lat' dir='ltr'><strong><em>roqarstes,</em></strong></span> <span class='ocrx_word' id='word_1_397' title='bbox 1233 4145 1306 4223; x_wconf 75' lang='lat' dir='ltr'><strong><em>fidei</em></strong></span> <span class='ocrx_word' id='word_1_398' title='bbox 1314 4145 1406 4224; x_wconf 79' lang='lat' dir='ltr'><strong><em>afficio</em></strong></span> <span class='ocrx_word' id='word_1_399' title='bbox 1417 4164 1557 4209; x_wconf 83' lang='lat' dir='ltr'><strong><em>commen·</em></strong></span> 
     </span>
     <span class='ocr_line' id='line_1_41' title="bbox 328 4234 1558 4320; baseline 0.004 -23"><span class='ocrx_word' id='word_1_400' title='bbox 328 4234 411 4311; x_wconf 84' lang='lat' dir='ltr'><strong><em>dato,</em></strong></span> <span class='ocrx_word' id='word_1_401' title='bbox 424 4253 494 4298; x_wconf 85' lang='lat' dir='ltr'><strong><em>suae</em></strong></span> <span class='ocrx_word' id='word_1_402' title='bbox 507 4239 647 4320; x_wconf 78' lang='lat' dir='ltr'><strong><em>cujusque</em></strong></span> <span class='ocrx_word' id='word_1_403' title='bbox 658 4240 851 4301; x_wconf 82' lang='lat' dir='ltr'><strong><em>tneotemaasi</em></strong></span> <span class='ocrx_word' id='word_1_404' title='bbox 861 4249 1042 4320; x_wconf 83' lang='lat' dir='ltr'><strong><em>provisuros,</em></strong></span> <span class='ocrx_word' id='word_1_405' title='bbox 1053 4243 1174 4302; x_wconf 86' lang='lat' dir='ltr'><strong><em>dimisit.</em></strong></span> <span class='ocrx_word' id='word_1_406' title='bbox 1186 4240 1233 4298; x_wconf 91' lang='lat' dir='ltr'><strong><em>lbi</em></strong></span> <span class='ocrx_word' id='word_1_407' title='bbox 1241 4257 1297 4316; x_wconf 90' lang='lat' dir='ltr'><strong><em>per</em></strong></span> <span class='ocrx_word' id='word_1_408' title='bbox 1308 4256 1455 4299; x_wconf 89' lang='lat' dir='ltr'><strong><em>summam</em></strong></span> <span class='ocrx_word' id='word_1_409' title='bbox 1470 4240 1558 4317; x_wconf 81' lang='lat' dir='ltr'><strong><em>sesti·</em></strong></span> 
     </span>
     <span class='ocr_line' id='line_1_42' title="bbox 328 4331 1553 4415; baseline 0.007 -25"><span class='ocrx_word' id='word_1_410' title='bbox 328 4334 474 4390; x_wconf 71' lang='lat' dir='ltr'><strong><em>nationem</em></strong></span> <span class='ocrx_word' id='word_1_411' title='bbox 478 4337 615 4414; x_wconf 84' lang='lat' dir='ltr'><strong><em>potrieii,</em></strong></span> <span class='ocrx_word' id='word_1_412' title='bbox 623 4354 696 4415; x_wconf 88' lang='lat' dir='ltr'><strong><em>quos</em></strong></span> <span class='ocrx_word' id='word_1_413' title='bbox 706 4334 835 4415; x_wconf 86' lang='lat' dir='ltr'><strong><em>deeebot,</em></strong></span> <span class='ocrx_word' id='word_1_414' title='bbox 844 4355 899 4397; x_wconf 85' lang='lat' dir='ltr'><strong><em>seeo</em></strong></span> <span class='ocrx_word' id='word_1_415' title='bbox 913 4344 1019 4399; x_wconf 85' lang='lat' dir='ltr'><strong><em>virtute</em></strong></span> <span class='ocrx_word' id='word_1_416' title='bbox 1032 4343 1159 4399; x_wconf 82' lang='lat' dir='ltr'><strong><em>ciuitatis</em></strong></span> <span class='ocrx_word' id='word_1_417' title='bbox 1172 4339 1281 4394; x_wconf 87' lang='lat' dir='ltr'><strong><em>statum</em></strong></span> <span class='ocrx_word' id='word_1_418' title='bbox 1289 4331 1441 4412; x_wconf 75' lang='lat' dir='ltr'><strong><em>prolatari</em></strong></span> <span class='ocrx_word' id='word_1_419' title='bbox 1446 4358 1459 4407; x_wconf 90' lang='lat'><em>;</em></span> <span class='ocrx_word' id='word_1_420' title='bbox 1475 4343 1553 4413; x_wconf 86' lang='lat' dir='ltr'><strong><em>qnis-</em></strong></span> 
     </span>
     <span class='ocr_line' id='line_1_43' title="bbox 329 4428 1560 4507; baseline 0.005 -25"><span class='ocrx_word' id='word_1_421' title='bbox 329 4439 384 4497; x_wconf 85' lang='lat' dir='ltr'><strong><em>que</em></strong></span> <span class='ocrx_word' id='word_1_422' title='bbox 405 4428 439 4483; x_wconf 82' lang='lat' dir='ltr'><strong><em>in</em></strong></span> <span class='ocrx_word' id='word_1_423' title='bbox 451 4429 624 4488; x_wconf 87' lang='lat' dir='ltr'><strong><em>munitiores</em></strong></span> <span class='ocrx_word' id='word_1_424' title='bbox 638 4429 720 4491; x_wconf 87' lang='lat' dir='ltr'><strong><em>urbis</em></strong></span> <span class='ocrx_word' id='word_1_425' title='bbox 734 4434 874 4505; x_wconf 83' lang='lat' dir='ltr'><strong><em>reqiones,</em></strong></span> <span class='ocrx_word' id='word_1_426' title='bbox 889 4447 964 4505; x_wconf 89' lang='lat' dir='ltr'><strong><em>quas</em></strong></span> <span class='ocrx_word' id='word_1_427' title='bbox 978 4449 1060 4490; x_wconf 86' lang='lat' dir='ltr'><strong><em>areos</em></strong></span> <span class='ocrx_word' id='word_1_428' title='bbox 1074 4431 1516 4507; x_wconf 67' lang='lat' dir='ltr'><strong><em>proseqesenaeommspomnr,</em></strong></span> <span class='ocrx_word' id='word_1_429' title='bbox 1531 4433 1560 4488; x_wconf 89' lang='lat' dir='ltr'><strong><em>et</em></strong></span> 
     </span>
     <span class='ocr_line' id='line_1_44' title="bbox 331 4511 1553 4599; baseline 0.01 -29"><span class='ocrx_word' id='word_1_430' title='bbox 331 4511 457 4574; x_wconf 79' lang='lat' dir='ltr'><strong><em>Iaeobsss</em></strong></span> <span class='ocrx_word' id='word_1_431' title='bbox 466 4514 632 4577; x_wconf 82' lang='lat' dir='ltr'><strong><em>Cantelmus</em></strong></span> <span class='ocrx_word' id='word_1_432' title='bbox 645 4538 710 4580; x_wconf 87' lang='lat' dir='ltr'><strong><em>eune</em></strong></span> <span class='ocrx_word' id='word_1_433' title='bbox 722 4518 845 4598; x_wconf 79' lang='lat' dir='ltr'><strong><em>Proreqe</em></strong></span> <span class='ocrx_word' id='word_1_434' title='bbox 858 4538 922 4581; x_wconf 86' lang='lat' dir='ltr'><strong><em>eam</em></strong></span> <span class='ocrx_word' id='word_1_435' title='bbox 935 4525 1033 4581; x_wconf 74' lang='lat' dir='ltr'><strong><em>traxit</em></strong></span> <span class='ocrx_word' id='word_1_436' title='bbox 1046 4525 1249 4594; x_wconf 68' lang='lat' dir='ltr'><strong><em>actamquae</em></strong></span> <span class='ocrx_word' id='word_1_437' title='bbox 1260 4525 1362 4580; x_wconf 81' lang='lat' dir='ltr'><strong><em>cuneta</em></strong></span> <span class='ocrx_word' id='word_1_438' title='bbox 1376 4521 1455 4583; x_wconf 86' lang='lat' dir='ltr'><strong><em>urbis</em></strong></span> <span class='ocrx_word' id='word_1_439' title='bbox 1460 4539 1553 4599; x_wconf 90' lang='lat' dir='ltr'><strong><em>prae-</em></strong></span> 
     </span>
     <span class='ocr_line' id='line_1_45' title="bbox 332 4601 1558 4688; baseline 0.007 -26"><span class='ocrx_word' id='word_1_440' title='bbox 332 4601 419 4677; x_wconf 83' lang='lat' dir='ltr'><strong><em>sidia,</em></strong></span> <span class='ocrx_word' id='word_1_441' title='bbox 434 4621 588 4684; x_wconf 89' lang='lat' dir='ltr'><strong><em>omnesque</em></strong></span> <span class='ocrx_word' id='word_1_442' title='bbox 602 4611 742 4672; x_wconf 79' lang='lat' dir='ltr'><strong><em>excubias</em></strong></span> <span class='ocrx_word' id='word_1_443' title='bbox 755 4611 864 4670; x_wconf 82' lang='lat' dir='ltr'><strong><em>motem</em></strong></span> <span class='ocrx_word' id='word_1_444' title='bbox 878 4610 1109 4673; x_wconf 86' lang='lat' dir='ltr'><strong><em>uindieobundas</em></strong></span> <span class='ocrx_word' id='word_1_445' title='bbox 1122 4608 1235 4669; x_wconf 86' lang='lat' dir='ltr'><strong><em>babuit.</em></strong></span> <span class='ocrx_word' id='word_1_446' title='bbox 1247 4611 1357 4669; x_wconf 78' lang='lat' dir='ltr'><strong><em>Audito</em></strong></span> <span class='ocrx_word' id='word_1_447' title='bbox 1367 4613 1482 4687; x_wconf 87' lang='lat' dir='ltr'><strong><em>quidem</em></strong></span> <span class='ocrx_word' id='word_1_448' title='bbox 1493 4611 1558 4688; x_wconf 83' lang='lat' dir='ltr'><strong><em>suit</em></strong></span> 
     </span>
     <span class='ocr_line' id='line_1_46' title="bbox 332 4696 1560 4785; baseline 0.011 -28"><span class='ocrx_word' id='word_1_449' title='bbox 332 4696 372 4756; x_wconf 88' lang='lat' dir='ltr'><strong><em>ad</em></strong></span> <span class='ocrx_word' id='word_1_450' title='bbox 384 4704 523 4773; x_wconf 86' lang='lat' dir='ltr'><strong><em>quartam</em></strong></span> <span class='ocrx_word' id='word_1_451' title='bbox 533 4710 625 4764; x_wconf 87' lang='lat' dir='ltr'><strong><em>noetis</em></strong></span> <span class='ocrx_word' id='word_1_452' title='bbox 638 4702 741 4767; x_wconf 84' lang='lat' dir='ltr'><strong><em>boram</em></strong></span> <span class='ocrx_word' id='word_1_453' title='bbox 752 4723 895 4783; x_wconf 82' lang='lat' dir='ltr'><strong><em>campana</em></strong></span> <span class='ocrx_word' id='word_1_454' title='bbox 909 4704 1029 4769; x_wconf 87' lang='lat' dir='ltr'><strong><em>berario</em></strong></span> <span class='ocrx_word' id='word_1_455' title='bbox 1041 4710 1220 4771; x_wconf 84' lang='lat' dir='ltr'><strong><em>Jesuilorum</em></strong></span> <span class='ocrx_word' id='word_1_456' title='bbox 1235 4704 1361 4785; x_wconf 82' lang='lat' dir='ltr'><strong><em>eolleqii,</em></strong></span> <span class='ocrx_word' id='word_1_457' title='bbox 1371 4723 1445 4782; x_wconf 87' lang='lat' dir='ltr'><strong><em>quae</em></strong></span> <span class='ocrx_word' id='word_1_458' title='bbox 1458 4708 1560 4770; x_wconf 83' lang='lat' dir='ltr'><strong><em>aitiori</em></strong></span> 
     </span>
    </p>
   </div>
   <div class='ocr_carea' id='block_1_11' title="bbox 0 0 1982 5592">
    <p class='ocr_par' dir='ltr' id='par_1_11' title="bbox 0 0 1982 5592">
     <span class='ocr_line' id='line_1_47' title="bbox 0 0 1982 5592; baseline 0 0"><span class='ocrx_word' id='word_1_459' title='bbox 0 0 1982 5592; x_wconf 95' lang='lat' dir='ltr'><strong><em> </em></strong></span> 
     </span>
    </p>
   </div>
  </div>
 </body>
</html>
