3942 5592
1447 469 1500 529 191

337 578 409 637 tatis
432 591 497 636 non
509 571 648 632 accersiti
670 565 830 647 aProrcpe
842 567 995 644 aliqualiu
1008 571 1200 640 eructuatum
1216 586 1284 629 nnm
1306 586 1440 650 saprum
1452 592 1538 635 mane

336 669 406 748 ulii,
416 668 476 728 alii
485 662 610 726 meridie
623 665 780 735 enacto,in
790 665 890 737 nenias
903 678 962 722 eccs
973 665 1157 721 conueniunt.
1168 661 1226 723 Sed
1235 667 1267 720 ut
1276 664 1429 742 atiuspost
1442 667 1538 725 clinem

336 760 475 832 ads-enit,
489 761 534 816 ita
558 756 595 815 de
609 754 813 812 seditiosorum
837 752 1008 812 numeralia
1018 749 1187 827 perferant,
1203 759 1257 828 qui
1268 760 1432 814 uninursom
1446 761 1537 815 imam

331 849 449 925 plebem
462 863 591 908 seorsum
605 848 707 918 icisse,
722 846 775 918 qui
788 842 1010 924 uilissimarcjus
1023 846 1137 918 portem
1148 843 1309 920 complures
1323 847 1364 905 ad
1375 852 1534 922 senapintn

334 947 447 1001 ciuium
464 941 564 999 millia
579 938 705 1011 turbata,
720 936 777 994 otii
797 940 909 994 cassin
919 942 1036 1012 pricios
1050 939 1202 997 seditionis
1217 943 1359 1016 auctores,
1376 940 1430 997 alii
1455 943 1536 1018 quod

333 1056 385 1098 res
394 1041 471 1096 erol.
489 1038 567 1097 Hine
582 1033 695 1093 Prorec
705 1037 737 1090 ut
751 1035 829 1089 certa
844 1033 1135 1110 commonebimus
1150 1034 1261 1094 cis-ibus
1272 1032 1380 1109 fretus,
1394 1054 1441 1095 cos
1454 1042 1534 1097 misit

336 1132 442 1204 copias
455 1129 662 1186 seditiosorum
676 1121 893 1199 exploraturus.
912 1122 999 1185 lutea
1013 1127 1044 1180 in
1057 1128 1148 1197 sepiis
1159 1123 1284 1182 oedibus
1296 1123 1466 1198 foedissime
1477 1133 1534 1185 tre·

334 1216 485 1294 pidatum.
505 1217 620 1278 Etenim
634 1216 667 1272 in
679 1212 784 1272 ultima
810 1212 947 1272 Toletano
958 1230 1039 1273 ’nzcrc
1053 1212 1130 1289 sirpo
1152 1218 1226 1272 itala
1240 1209 1293 1292 (ut
1311 1220 1380 1282 sunt
1393 1219 1426 1274 in
1439 1223 1533 1278 melus

333 1315 430 1388 proni
443 1316 536 1371 oninri
553 1307 640 1367 semel
648 1303 822 1388 percussi),
838 1306 894 1365 alii
906 1306 973 1385 supe
982 1323 1124 1379 caussam,
1140 1323 1216 1381 quac
1240 1311 1347 1364 nitentes
1361 1309 1531 1386 ocospobot,

337 1405 402 1460 rati
424 1405 494 1458 item
506 1398 611 1476 supere
625 1400 792 1458 instituunt.
811 1398 888 1456 Hinc
901 1396 1140 1473 iniesuaiendum
1150 1393 1230 1469 falso
1244 1401 1314 1456 nata
1335 1396 1419 1473 forna
1431 1401 1533 1472 inpen-

339 1497 397 1552 iem
408 1493 612 1553 seditiosorum
623 1494 692 1566 cim,
702 1493 756 1565 qui
767 1487 921 1565 Iroreqem
932 1490 1060 1563 troistest,
1070 1494 1101 1546 in
1113 1493 1211 1564 ronias
1223 1489 1311 1546 aedes
1320 1491 1443 1548 irruere.
1457 1491 1532 1548 Hr'rcc

334 1586 472 1663 plurima
492 1587 664 1659 aurr'parum
677 1579 917 1657 famulormuque
939 1578 1079 1655 rnilitulo,
1095 1596 1168 1654 quae
1188 1583 1221 1637 iu
1243 1581 1361 1638 ocdiuru
1383 1583 1533 1657 repiarum

338 1694 415 1737 arca
439 1675 621 1752 consistebat,
637 1691 672 1733 ea
690 1671 776 1749 samo
788 1690 848 1750 per
869 1671 1131 1748 sopora-ordume,
1146 1669 1347 1745 euterrcsacti,
1362 1667 1471 1745 [annuli
1482 1688 1532 1731 ae-

338 1771 423 1829 dim
436 1771 583 1847 copiarum
592 1765 673 1842 sores
686 1774 763 1827 mari
773 1772 930 1845 prosimos
946 1771 1018 1824 utres
1033 1766 1133 1838 mpetu
1154 1761 1312 1841 offendunt.
1329 1763 1373 1823 Eo
1386 1768 1532 1840 rectorum

337 1863 481 1938 tumudu,
494 1864 549 1924 alii
558 1864 716 1942 Dominici,
732 1866 770 1925 ab
784 1867 938 1926 Dominicis
954 1863 1099 1922 blieniurn
1110 1858 1291 1919 idcirclcionis
1306 1862 1405 1938 deuter,
1414 1860 1532 1936 infestis

336 1959 433 2016 omnis
455 1960 557 2013 contro
580 1973 688 2015 tronum
701 1959 849 2017 torrorem
872 1975 891 2015 o
911 1958 1148 2031 repromisaam
1164 1957 1218 2028 acri
1243 1956 1395 2012 r'rdcriores
1411 1951 1534 2030 Prorepi

335 2048 478 2122 aderant,
493 2048 530 2106 dc
542 2048 606 2129 ejus
618 2050 712 2109 solute
725 2049 846 2126 soliciti,
856 2053 966 2126 pctore,
975 2043 1133 2119 effluitare,
1147 2050 1178 2102 ul
1192 2062 1222 2104 se
1236 2049 1269 2104 lu
1283 2065 1379 2105 arcem
1394 2052 1528 2124 recipiat.

336 2140 419 2214 (lain
436 2139 560 2199 Carolus
577 2139 742 2218 Caratacus
754 2141 991 2201 Matoluncnsiur
1003 2139 1074 2196 Deis
1085 2136 1180 2217 major
1189 2143 1261 2196 notu
1267 2138 1361 2216 filnes,
1371 2142 1451 2202 illud
1459 2141 1533 2202 Pro·

336 2232 404 2306 repl
417 2233 529 2289 annius
553 2231 718 2309 dictilobal,
733 2248 799 2291 euru
811 2249 864 2291 uec
878 2236 955 2289 iuter
971 2249 995 2289 se
1009 2233 1071 2304 ipis
1086 2245 1171 2305 opere
1185 2232 1287 2287 tultam.
1305 2233 1354 2289 Ad
1372 2234 1444 2294 baec
1459 2233 1531 2295 Pro·

337 2339 397 2380 rex
409 2325 639 2399 nepareprimo,
653 2338 724 2381 mon
745 2325 957 2384 obsecrantium
971 2325 1080 2397 obsonio
1095 2320 1212 2381 cedebat
1226 2324 1331 2380 rictus.
1349 2324 1396 2383 Ibi
1410 2325 1526 2388 Erremu-

333 2413 409 2471 nuel
423 2428 442 2470 u
456 2410 546 2490 Sylva
559 2414 703 2472 siciliensi
718 2414 993 2493 clossiprocscclm,
1008 2416 1156 2489 qupauris
1179 2415 1245 2470 ante
1259 2411 1360 2471 diebus
1374 2414 1454 2490 sorte
1466 2417 1530 2494 for-

335 2512 410 2569 tuna
423 2526 486 2568 orni
500 2508 614 2570 duabus
640 2510 736 2588 tonis
751 2512 871 2572 rtabc'btts'
891 2514 931 2575 acl
945 2530 1003 2573 enu
1016 2525 1073 2569 orsu
1086 2509 1260 2587 appulerat:
1278 2530 1295 2565 a
1313 2509 1403 2590 Quin,
1419 2498 1527 2590 nit,te,

335 2600 468 2674 Proren,
489 2604 522 2658 in
542 2616 638 2658 arcem
650 2605 766 2677 rccipe;
781 2620 850 2662 emm
870 2609 935 2679 auis
955 2607 1004 2661 erit
1018 2619 1137 2677 *uqmcuu
1149 2606 1176 2659 si
1198 2603 1284 2660 ruodo
1297 2620 1356 2660 sion
1380 2609 1422 2661 est
1436 2604 1526 2685 lrcajm·

334 2698 509 2753 srmmmeuti
521 2694 614 2753 usus?
633 2691 725 2753 Tuom
738 2697 886 2777 eoru'furati
898 2703 984 2758 tritam
997 2699 1255 2771 suconspirdiono
1266 2702 1425 2772 petierunt,
1439 2706 1466 2758 et
1479 2707 1525 2755 'sc-

335 2791 450 2849 ditione
457 2795 569 2866 petent.
586 2789 663 2850 Haeo
688 2791 859 2855 detestanda
873 2813 958 2855 senso
965 2796 1031 2877 jorn
1043 2799 1128 2880 inient
1147 2798 1180 2852 in
1194 2799 1321 2871 ciuitate,
1334 2812 1424 2870 possc
1438 2796 1524 2858 Prin·

334 2886 398 2958 cipi
410 2879 523 2956 inferri
545 2899 650 2941 aecem.
673 2881 709 2940 Te
722 2888 814 2960 initur
827 2887 891 2946 sola
906 2886 1184 2963 Principisanctitas
1199 2902 1257 2943 non
1271 2890 1390 2944 tutatur.
1410 2886 1526 2949 Deinde

334 2991 421 3033 arces
441 2990 478 3031 ne
498 2979 526 3034 et
534 2976 693 3051 praesidia
714 2981 807 3035 citam
821 2977 980 3053 Principis,
996 2993 1092 3034 cuneo
1101 2978 1203 3051 potius
1222 2975 1281 3033 illa
1295 2978 1453 3051 custodiat,
1468 2996 1527 3038 non

327 3064 425 3141 plone
448 3071 619 3126 rnronosco.
639 3070 679 3128 Dc
698 3073 725 3127 le
747 3069 848 3144 sostris
863 3067 1177 3149 conjecturautt'ousat
1191 3065 1254 3141 suc't
1268 3067 1431 3147 conjuratis
1445 3076 1524 3130 arcis

326 3163 478 3237 proditio,
492 3178 561 3220 narn
574 3168 695 3240 iusuper
708 3170 796 3241 ceput
807 3164 993 3242 prodendum
1005 3181 1048 3223 erc
1064 3164 1156 3239 Certe,
1167 3162 1249 3223 nullo
1262 3169 1384 3238 rectore,
1396 3169 1521 3241 quisquc

333 3263 478 3332 nostrum,
493 3260 541 3321 rel
559 3260 696 3338 Plcib‘ppo
708 3262 914 3339 fidelissimus,
929 3264 1013 3322 uellet
1026 3267 1197 3338 iporor·e,·en
1208 3263 1355 3337 dissr'pata
1368 3261 1520 3341 rrrajestas,

333 3352 391 3408 adi
403 3354 498 3426 ipitur
511 3369 617 3428 arcem,
633 3358 660 3410 et
674 3354 723 3413 liic
733 3358 811 3413 intus
826 3371 948 3432 repnum
961 3355 1073 3431 Plcilbo
1086 3371 1173 3414 seron
1185 3372 1210 3410 u.
1220 3351 1388 3427 irapcorcc
1402 3353 1522 3413 Erucina-

334 3445 431 3504 nnclis
441 3452 549 3523 paruit
562 3450 743 3526 auctoritati,
755 3466 905 3528 currensque
918 3456 996 3530 iniit,
1010 3471 1043 3528 qn
1055 3454 1174 3527 practer
1192 3452 1395 3525 tministrotas,
1410 3454 1436 3506 ct
1447 3466 1520 3525 pro-

335 3557 428 3618 ceres,
441 3542 529 3602 Anna
548 3546 670 3605 Pitonia
692 3548 880 3623 Pro-sepina,
897 3551 990 3607 omnis
1012 3546 1158 3623 soiliaco
1181 3545 1289 3603 inultae
1308 3544 1523 3619 splendidiores

334 3640 487 3694 rccolronac
501 3655 531 3698 se
543 3645 714 3714 receperunt
721 3661 733 3710 ,·
749 3646 775 3699 ct
784 3659 843 3717 pro
857 3644 945 3719 replis
957 3641 1050 3700 aedibs
1062 3642 1139 3698 duoe
1144 3641 1400 3714 praetorianorum
1409 3639 1522 3694 lumime

333 3730 367 3785 in
380 3725 460 3785 binio
474 3729 515 3786 ad
534 3729 691 3790 Castellum
704 3728 834 3809 Nouum,
849 3736 890 3793 ad
903 3737 981 3792 eiam
1000 3733 1138 3792 Totanom
1151 3732 1308 3807 praesidio
1319 3728 1524 3788 locotae.Inter

335 3815 412 3879 banc
426 3818 624 3895 Hisponomrm
637 3828 859 3901 cunctationem,
880 3825 1054 3900 Gambacur,
1070 3840 1135 3882 cum
1146 3821 1268 3899 plebem,
1279 3824 1453 3896 perpetratis
1477 3823 1523 3879 di·

332 3914 529 3991 reptionibus,
542 3920 588 3974 snt
601 3922 634 3975 in
644 3922 708 3977 suis
716 3920 852 3996 pentibus
866 3921 1169 3997 confirmatarputarei,
1180 3918 1257 3977 ertias
1272 3919 1405 3992 deinceps
1419 3920 1522 3991 capitis
1594 3904 1597 3910 ¹

329 4022 427 4082 poena
441 4011 606 4071 interdicit.
625 4010 663 4070 Ei
677 4016 814 4071 continuo
828 4019 977 4074 cessatum.
998 4016 1051 4087 (nc
1065 4032 1111 4072 rcs
1124 4013 1191 4071 aliis
1205 4015 1305 4088 ruoani
1318 4014 1406 4083 atqcec
1420 4009 1522 4085 impia·

332 4099 438 4159 rabilis
447 4104 542 4159 motus
554 4105 717 4177 praecipuo
730 4101 792 4178 scuit
805 4107 926 4164 indicio.
937 4103 1185 4166 Naucelurbandi
1197 4108 1224 4162 cl
1232 4105 1401 4180 quiescendi
1414 4116 1520 4177 aequa·
1541 4152 1551 4168 ,

331 4189 446 4250 bilitate
459 4195 485 4248 et
499 4196 673 4270 constantia,
689 4197 991 4273 ciuitaierujomslare
1005 4197 1119 4272 erteres,
1131 4196 1202 4256 aliis
1216 4211 1355 4255 veronen
1368 4193 1522 4271 altius,sed

331 4283 429 4338 uerius
450 4282 693 4361 conjarcmroos,
709 4285 903 4345 Gambacurto
916 4286 1108 4363 temporebuti
1122 4294 1203 4347 uisus
1228 4291 1281 4362 est,
1297 4288 1378 4361 quood
1398 4300 1468 4343 ricae:
1488 4299 1520 4340 re

329 4373 398 4445 ipso
412 4377 598 4446 compertum.
611 4373 688 4432 Nam
709 4376 925 4451 direptionibus
939 4381 1037 4438 uetitis
1049 4394 1088 4437 ec
1106 4377 1255 4453 edentibus
1270 4378 1453 4452 perditisque
1466 4374 1519 4432 tio·

328 4465 457 4525 minibus
472 4468 515 4526 ad
528 4467 706 4527 turbandum
720 4488 752 4531 eo
766 4474 952 4532 incitamento
966 4478 1096 4550 concitis,
1110 4475 1225 4534 sordidi
1236 4477 1268 4530 in
1278 4473 1434 4547 captandis
1444 4488 1520 4530 com-

330 4562 438 4632 modis,
453 4577 513 4620 nou
526 4561 605 4623 ultra
618 4571 767 4642 occupati,
780 4565 934 4641 confestim
947 4565 989 4626 ad
997 4564 1110 4642 perula
1120 4566 1345 4644 applicuerunt.
1363 4563 1517 4623 b'acinoris

324 4655 446 4730 priuata
468 4659 605 4714 eccrccri
625 4658 697 4717 odio
711 4660 883 4738 interdictis,
899 4662 973 4736 irae,
986 4673 1050 4733 quo,
1059 4656 1140 4716 solae
1155 4654 1317 4718 audacibus
1341 4658 1454 4713 auirrtos
1467 4652 1519 4728 la·
