3942 5592
556 564 629 625 ttae
642 565 729 622 etiam
741 562 872 638 apenos
886 558 1008 636 Satyros
1021 554 1146 617 nudavit
1157 561 1184 617 et
1193 571 1289 634 asper,

557 657 701 718 Incolumi
711 657 867 735 grauitate,
882 657 978 712 iocum
993 654 1134 714 tentavit:
1147 669 1181 713 eo
1194 649 1275 729 quod

554 751 706 813 illecebris
718 754 781 811 eret
795 754 822 809 et
834 752 920 826 grata
933 749 1061 808 nouitate
1074 746 1231 806 mmundsts

556 848 716 924 Spectator,
727 848 901 921 iunctusque
915 847 1022 924 smmi,
1035 845 1063 902 et
1071 844 1169 921 potus,
1183 846 1211 901 et
1223 842 1325 903 euleu.

562 942 661 1002 lauru
675 945 719 1000 itu
733 945 850 1017 risores,
865 944 909 1003 ita
922 941 1123 1001 commendare
1138 938 1252 998 dicaces

558 1027 710 1092 Conveniet
726 1033 858 1110 Saturae,
873 1037 918 1092 ita
931 1037 1041 1094 certem
1053 1035 1131 1090 sen'n
1145 1028 1227 1106 luda,

555 1122 600 1182 Ne
613 1126 785 1199 umentique
798 1124 883 1202 deus,
894 1119 1070 1201 quicumque
1082 1120 1267 1184 adhibebitur
1281 1117 1379 1195 duos,

555 1218 660 1300 liupolt
674 1225 839 1298 compertus
853 1225 974 1281 inaura
986 1236 1082 1297 nuper
1094 1224 1121 1280 et
1135 1220 1225 1293 ostro,

552 1317 656 1393 Mipret
669 1320 702 1375 in
714 1314 850 1378 obeam
862 1316 966 1378 bamili
979 1333 1109 1380 summes
1121 1313 1274 1390 tubanus,-

557 1408 626 1480 rtut,
643 1408 713 1467 dum
726 1411 799 1467 uitat
812 1407 946 1484 bumum,
960 1407 1050 1469 nubes
1063 1411 1090 1467 et
1103 1412 1207 1467 monto
1220 1413 1324 1488 captet.

558 1497 683 1578 Effutire
695 1500 770 1562 leues
784 1501 909 1580 indigna
922 1497 1076 1578 tragoedia
1088 1515 1201 1576 cerm,

556 1601 590 1662 Ut
602 1598 690 1677 sestis
702 1600 834 1658 matrona
846 1600 957 1657 proveri
967 1601 1050 1659 iussn
1063 1597 1175 1671 utebar,

556 1699 691 1759 Intererit
704 1691 818 1773 Satyris
829 1693 967 1771 paullum
977 1691 1155 1771 pudibunda
1169 1697 1325 1770 protunda.

555 1790 623 1849 Nan
632 1802 686 1860 epo
699 1787 834 1845 inornata
847 1787 874 1843 et
884 1781 1067 1842 dominantia
1079 1786 1199 1870 nmnina
1211 1783 1315 1859 edum,

554 1878 709 1952 tubaque,
727 1873 857 1951 means,
874 1875 1046 1952 Summum
1057 1876 1181 1950 scriptor
1194 1873 1319 1947 artabo,-

553 1976 614 2035 Nec
626 1979 670 2033 sic
682 1977 780 2036 eruitur
790 1975 904 2051 tropica
913 1968 1033 2049 defferre
1046 1968 1152 2052 colori,

556 2067 591 2127 tit
603 2061 679 2126 niltit
694 2067 818 2140 intersit,
834 2062 972 2122 Meusne
985 2060 1134 2136 loquatur,
1146 2065 1175 2119 et
1187 2063 1295 2123 audac

548 2158 667 2237 Pyllu‘as
680 2159 812 2215 amneio
825 2152 943 2212 lucrata
957 2149 1071 2211 Simone
1084 2151 1234 2228 talentum,

550 2250 597 2308 An
612 2242 906 2323 mincianumque
920 2242 971 2301 dei
984 2238 1100 2301 uanus
1114 2242 1236 2303 dumni.

549 2340 600 2400 Eu
610 2342 675 2397 noto
684 2335 788 2411 fictum
800 2347 920 2393 carnum
929 2346 1048 2407 sequar,
1062 2335 1095 2389 ut
1104 2330 1162 2392 sibi
1173 2338 1272 2409 quoia

548 2431 651 2514 Speret
663 2434 753 2502 eden,-
767 2430 851 2490 sudet
864 2427 989 2487 multum
1001 2427 1173 2507 [rastraque
1187 2427 1309 2505 laboret,

544 2527 640 2586 Ausus
654 2524 743 2584 idem
763 2520 891 2580 Tantum
904 2521 993 2582 series
1005 2523 1199 2595 iuncturaque
1209 2520 1321 2596 pollet!

546 2619 668 2679 Tantum
681 2614 825 2675 demedio
838 2614 962 2693 sumptis
975 2612 1088 2672 accedit
1100 2607 1239 2673 bnans!

546 2705 634 2770 Silvis
650 2704 771 2766 deducti
782 2706 913 2779 caueam,
927 2717 972 2762 me
979 2703 1097 2780 judice,
1113 2701 1222 2781 Fauni,

545 2805 591 2866 Ne
604 2803 681 2864 cclut
695 2804 789 2862 innati
803 2802 906 2878 triviis,
921 2817 956 2858 ac
965 2816 1042 2877 pene
1052 2796 1194 2874 smnues,
1534 2805 1593 2865 245

421 2919 484 2971 tib.
503 2915 610 2968 Verum
622 2912 668 2965 tta
681 2908 797 2979 nsoter)
812 2905 970 2963 Huiusmodi
984 2905 1136 2962 dramatum
1153 2907 1259 2965 nullutn
1275 2925 1308 2965 ex
1328 2910 1486 2983 antiquitate
1505 2928 1595 2970 erem·

388 3002 458 3074 plum
472 3003 507 3059 ad
520 3017 570 3057 nos
581 2999 715 3071 perlatum
729 3041 736 3066 ,
751 2997 798 3054 sed
811 3013 843 3052 eu
856 2997 908 3053 troc
921 2998 1019 3053 Horatii
1034 2997 1094 3053 loco
1108 2998 1238 3055 audacter
1253 2999 1361 3056 delinire
1373 3000 1436 3058 licet
1449 3042 1457 3073 ,
1472 3008 1593 3076 satyram

389 3091 466 3148 tuisse
480 3092 574 3149 drama
587 3104 640 3160 quo
653 3095 681 3144 et
693 3088 809 3161 tragicae
822 3092 849 3142 et
862 3087 982 3142 comicae
996 3102 1126 3158 personae
1139 3088 1164 3143 in
1178 3104 1288 3146 scenam
1302 3091 1460 3162 prodirent:
1481 3107 1533 3163 qua
1554 3094 1590 3147 si-

389 3183 530 3240 militudine
544 3181 643 3238 uiuis
656 3187 746 3254 satyra
759 3178 809 3235 tuit
821 3177 940 3234 edulium
954 3179 981 3233 in
994 3194 1049 3250 quo
1062 3179 1168 3236 diversa
1187 3181 1309 3237 ciborum
1327 3197 1426 3254 geaem
1443 3180 1591 3238 contunde-

386 3272 488 3329 bantra:
503 3273 576 3330 unde
590 3279 681 3343 postea
694 3270 743 3328 lec
752 3285 808 3345 per
820 3271 1132 3345 caprearumque
1144 3272 1224 3346 ptura
1236 3290 1269 3330 ao
1279 3274 1385 3332 diversa
1399 3289 1490 3331 restim
1502 3277 1591 3347 capita

386 3359 622 3429 complectebatur.

420 3455 483 3508 ast.
498 3455 563 3507 lton
574 3465 625 3523 eqo
637 3448 786 3519 inornata)
801 3448 863 3520 ugit
876 3447 909 3504 de
923 3447 982 3504 stila
996 3450 1123 3525 satyrico.

420 3542 457 3597 lb.
472 3539 677 3609 Dominantiat
690 3541 762 3606 Quae
776 3538 839 3594 itam
854 3538 981 3595 dicuntur
994 3542 1077 3597 verba
1088 3542 1192 3615 nativa,
1212 3558 1281 3615 quac
1301 3543 1336 3600 ad
1349 3543 1375 3600 id
1388 3544 1475 3616 ipsum
1490 3544 1591 3616 signifi·

388 3625 499 3683 candum
512 3631 574 3681 nata
587 3631 661 3697 sunt,
676 3624 749 3697 quod
763 3623 851 3680 anima
864 3627 1098 3698 praeconantibus,
1112 3628 1221 3683 utinen
1235 3628 1391 3700 explicando
1406 3631 1586 3688 dominantur:

386 3727 434 3785 quo
446 3712 590 3767 verborum
604 3725 699 3783 genere
713 3709 838 3765 Horatius
851 3708 876 3763 in
891 3710 1048 3784 satyrarum
1061 3710 1133 3768 libris
1147 3728 1253 3768 summa
1266 3729 1330 3769 cum
1344 3712 1423 3772 laude
1436 3731 1504 3772 usus
1516 3721 1566 3771 est.

415 3803 477 3856 tbi.
495 3801 620 3871 Tragtco
632 3793 754 3868 differre
769 3794 876 3867 calcet)
891 3797 949 3852 Noa
962 3812 978 3852 a
991 3795 1096 3870 tragica
1114 3798 1356 3872 magniloquentia,
1383 3807 1414 3856 ut
1430 3801 1588 3872 interpretes

388 3888 464 3962 uulgo
475 3892 697 3961 interpretantur,
712 3887 760 3945 sed
773 3903 788 3943 a
802 3887 919 3962 satyrica
932 3889 1048 3959 puritate
1061 3897 1088 3945 et
1100 3890 1228 3963 elegantia
1241 3933 1249 3962 ,
1264 3892 1328 3963 quia
1342 3891 1426 3962 prima
1439 3892 1586 3965 tragoedia,

384 3982 502 4049 utsupra
514 3975 650 4047 diximus,
668 3974 721 4030 boc
735 3989 820 4046 mnus
834 3981 941 4048 satyrae
956 3974 1015 4049 tuit,
1032 3975 1103 4049 quob
1126 3985 1168 4034 est
1187 3978 1256 4035 idem
1275 3993 1389 4036 numero
1407 3978 1494 4050 ipsum
1514 3979 1588 4052 quod

381 4065 465 4137 paullo
476 4067 602 4139 superius
615 4073 695 4137 poeta
708 4064 786 4122 dixit:

648 4171 684 4222 Ne
694 4171 836 4240 quicumque
846 4171 911 4235 deus,
924 4173 1070 4243 quicumque
1080 4173 1230 4229 adhibebitur
1242 4176 1322 4243 heros,

647 4253 727 4322 Regali
740 4265 876 4324 couspmus
886 4256 912 4308 iu
925 4274 983 4308 auro
995 4274 1072 4326 uupu
1085 4267 1110 4308 et
1121 4267 1193 4323 nstro,

645 4337 733 4406 Migret
745 4338 770 4389 in
780 4338 889 4393 emensas
901 4338 991 4393 humili
1003 4357 1109 4393 sermone
1120 4340 1238 4396 uberum.

410 4455 477 4510 tib.
493 4453 543 4507 En
556 4446 739 4520 uatcfictum
751 4466 871 4507 carmen
883 4454 997 4524 sequar)
1012 4455 1068 4510 Non
1082 4453 1140 4509 heic
1156 4455 1210 4527 agit
1228 4456 1353 4513 Horatius
1373 4457 1406 4514 de
1425 4468 1584 4531 argumento

374 4544 479 4613 satyrae
494 4533 646 4608 deligendo,
661 4535 709 4592 sed
723 4535 755 4593 dc
768 4537 875 4612 satyrici
889 4537 942 4593 stili
955 4536 1131 4595 difficultate:
1147 4539 1193 4596 ubi
1203 4540 1397 4600 detractoribus
1408 4543 1463 4600 suis
1474 4560 1592 4623 respon·¹

371 4631 423 4697 det,
438 4627 487 4700 qui
500 4625 586 4697 ipsius
600 4633 706 4700 satyras
719 4631 925 4687 contemnebant
938 4646 953 4685 a
966 4629 1108 4686 locutionis
1121 4631 1256 4690 facilitate.

407 4727 476 4781 tis.
492 4720 595 4778 innati
608 4722 715 4794 triviis)
728 4722 777 4788 Qui
791 4725 890 4780 Hamae
901 4726 926 4779 in
941 4726 1076 4782 conducta
1088 4725 1198 4798 quidem
1211 4727 1293 4785 dumo
1305 4727 1358 4783 nati
1373 4734 1445 4784 suat.

406 4814 447 4870 tb-
462 4814 542 4870 Pae
548 4809 689 4884 sacenses)
705 4810 758 4870 Del
770 4811 809 4869 nil
824 4819 960 4871 mercato.
