3942 5592
424 608 609 681 perpetratis
632 605 720 683 dolis,
736 605 778 666 ad
799 608 1003 667 amedeum
1026 603 1153 680 demvm,
1167 601 1348 666 Areliducis
1367 612 1536 692 imopinem,
1551 610 1595 670 ad
1612 611 1648 671 id

342 774 343 779 ἵ
428 703 527 776 ipsum
546 700 656 775 Vienna
669 690 805 779 allatam,
821 708 853 764 in
871 719 941 764 aree
951 699 1051 780 ripere.
1070 704 1223 765 Civitatem
1244 704 1286 762 ad
1299 703 1525 766 acclamandum
1539 706 1646 766 Arcisi-

429 792 501 853 duci
512 809 636 874 morere,
650 803 677 856 et
700 798 845 875 entanplo
860 794 1065 873 tovneqevm
1088 799 1133 854 rei
1144 799 1244 872 vestae
1262 796 1361 874 saeue
1374 805 1527 861 certiorem
1539 805 1592 877 qui
1605 800 1647 860 ad

430 887 596 962 Eupomum
609 889 729 968 scribat,
739 888 818 949 ettdc
831 892 937 948 eastris
946 887 1134 962 auxiliapar
1149 885 1280 949 Picentes
1288 888 1435 966 feramur,
1446 898 1474 951 ct
1488 895 1534 951 uti
1542 891 1647 969 perlui-

427 976 504 1059 beni,
523 981 692 1043 Grimaunm
704 988 811 1063 mittat,
821 999 992 1060 quo,nsque
1005 983 1047 1042 od
1062 982 1160 1042 Caroli
1169 981 1337 1060 adventum,
1347 985 1411 1064 ejus
1422 990 1501 1046 vices
1514 991 1547 1044 in
1556 1003 1648 1063 repne

428 1079 521 1150 peret.
540 1077 599 1138 Sed
611 1084 695 1157 repra·
705 1079 839 1158 settene,
852 1093 943 1158 eseam
956 1081 1019 1155 ipsi
1031 1082 1064 1136 in
1076 1075 1192 1137 nullam
1204 1084 1316 1156 nopotii
1322 1084 1441 1157 perlem
1460 1083 1647 1142 eelseiveraut

427 1171 548 1237 sociam,
554 1185 613 1246 pro
625 1187 677 1230 sno
685 1175 761 1250 jure
771 1175 870 1231 omnia
881 1167 1053 1231 vindicavit.
1066 1169 1145 1227 Nam
1154 1174 1324 1245 praenimia
1337 1170 1394 1232 illa
1405 1177 1513 1246 cautio,
1528 1177 1560 1231 ut
1570 1190 1642 1232 ‹un-

427 1263 475 1318 ota
488 1275 571 1319 anan
584 1277 673 1335 quam
682 1265 821 1338 proxime
830 1265 962 1337 primum
974 1258 1149 1320 vestibulum
1157 1263 1293 1336 prompta
1302 1265 1408 1337 esseest,
1419 1280 1556 1323 caussam
1569 1261 1644 1338 feeit

427 1351 550 1410 indicio.
568 1351 684 1414 Etenim
696 1352 761 1434 ejus
772 1351 831 1411 loci
843 1351 1023 1428 inquilinus,
1033 1355 1154 1428 quicum
1167 1367 1215 1410 res
1229 1350 1266 1410 ao
1276 1359 1496 1414 arnsementarii
1509 1359 1647 1417 curatore

429 1447 641 1503 rornntmsicare
652 1442 953 1521 opor·tuit,cenlestim
966 1444 1009 1503 ad
1018 1442 1179 1503 Nicolaum
1190 1442 1383 1503 Nicodemum
1391 1443 1513 1521 fratrem
1522 1447 1647 1524 facinus

428 1537 544 1606 detulit,
561 1539 619 1598 Hic
641 1557 702 1599 rem
714 1538 837 1616 foedam
860 1540 1057 1616 abominatus,
1072 1537 1221 1597 admonito
1233 1536 1344 1617 fratre,
1359 1545 1392 1598 nt
1416 1545 1480 1600 arte
1503 1543 1647 1604 levirum

429 1633 542 1707 tractet,
558 1648 620 1707 qua
643 1649 736 1708 neque
751 1632 845 1691 durus
869 1635 903 1691 ia
916 1635 1114 1708 suspicionem
1126 1635 1236 1706 veniat,
1251 1648 1344 1709 nequo
1365 1632 1468 1710 facilis
1491 1640 1524 1696 in
1536 1642 1647 1696 crimen

427 1726 511 1798 ruat,
525 1728 671 1800 evestipio
682 1722 843 1802 Nicolaum
855 1723 1000 1784 Sersalem
1009 1721 1046 1782 ab
1053 1726 1236 1782 institutione
1242 1741 1406 1800 puerorum
1412 1724 1548 1802 morceis
1561 1745 1647 1788 suum

430 1822 532 1885 intime
545 1816 729 1894 familiarem
743 1821 891 1889 conuenit3
905 1835 958 1878 nec
971 1822 1056 1894 repat
1069 1818 1167 1893 mede,
1182 1815 1235 1876 sed
1248 1822 1386 1897 innatast
1399 1820 1469 1896 sitsi,
1483 1805 1648 1882 desummo

427 1930 526 1974 rerum
540 1929 607 1973 eum
622 1911 748 1991 storepe
762 1909 875 1989 oeturo',
890 1913 932 1972 od
944 1929 1009 1971 cnm
1018 1913 1224 1971 meridiantem
1242 1912 1407 1990 praeberet,
1424 1918 1486 1974 tam
1499 1915 1649 1994 difficilem

425 2010 550 2070 aditum.
571 2006 697 2068 Tandem
710 2000 870 2083 admissus,
887 2004 1008 2084 Iroreqi
1021 2011 1255 2084 conjurationem
1266 2010 1375 2069 nedum
1384 2008 1510 2087 indicat,
1519 2028 1646 2088 persua·

426 2103 484 2162 det.
501 2102 549 2162 Ibi
562 2100 691 2185 storea,
705 2106 739 2161 ut
752 2102 792 2161 sit
811 2106 940 2178 opattam
958 2103 1002 2162 ad
1015 2117 1121 2160 ansam
1134 2103 1349 2181 occupandam,
1364 2121 1417 2162 nec
1441 2107 1538 2162 tomen
1551 2122 1585 2163 co
1601 2107 1649 2165 di-

427 2196 612 2272 stnrdeutur,
628 2193 788 2255 Nicodemo
812 2192 944 2269 inundat,
958 2199 991 2253 ut
1009 2191 1107 2269 frater
1125 2209 1192 2252 cum
1205 2199 1425 2255 omuameutnrii
1438 2200 1572 2256 curatore
1586 2212 1648 2255 rem

425 2288 525 2350 tradat
551 2288 593 2347 ad
604 2292 800 2363 insequentem
813 2286 901 2345 diem.
919 2285 997 2345 Hinc
1010 2284 1206 2360 Medieveum,
1221 2289 1248 2345 et
1262 2285 1439 2367 destayaum
1466 2291 1647 2352 Cantelmum

428 2381 638 2459 topoteasiou
653 2380 768 2455 duona,
789 2384 815 2437 et
828 2381 1016 2437 munimentis
1029 2381 1113 2453 renai
1123 2375 1309 2452 praefectum
1323 2384 1466 2440 aevastat
1475 2381 1561 2459 jubet
1569 2402 1580 2458 3
1595 2385 1650 2442 scd

427 2469 594 2536 Cantelmus
613 2485 679 2529 eura
693 2468 804 2531 Iacobo
816 2466 913 2544 fratre
935 2468 1085 2527 cardinali
1097 2471 1130 2525 in
1144 2466 1338 2528 merolanam
1352 2476 1448 2530 ierant
1461 2476 1648 2533 masticatum.

427 2562 612 2625 Maedicaens
631 2565 751 2638 praesto
763 2557 836 2634 fuit.
852 2557 950 2635 lpitnr
963 2576 1028 2618 cnm
1041 2576 1075 2618 eo
1088 2560 1216 2634 Prorca,
1230 2578 1270 2619 au
1292 2565 1325 2619 nl
1339 2561 1504 2642 conjuratos
1527 2561 1652 2638 sallat?

426 2667 459 2722 in
470 2664 550 2720 viam
560 2675 580 2717 a
591 2675 622 2718 se
634 2653 911 2723 Caelimcdiuensem
924 2652 1045 2732 dictam,
1057 2654 1154 2715 solens
1167 2660 1313 2732 aestatum
1322 2661 1432 2736 perpit,
1443 2657 1585 2737 ibiquede
1595 2660 1652 2720 Fe·

430 2754 497 2816 licis
511 2752 682 2814 lausiacae
696 2752 792 2828 demo,
807 2749 859 2810 ubi
882 2756 944 2810 tum
966 2747 1045 2825 sorte
1059 2752 1224 2827 majestatis
1233 2751 1388 2827 judicium
1412 2751 1582 2830 lambatur,
1593 2771 1652 2831 per

426 2848 574 2926 famulum
587 2852 621 2908 in
633 2849 731 2921 sepias
745 2845 832 2905 aedos
846 2848 984 2903 convocat
991 2842 1122 2925 jndices.
1136 2842 1191 2903 Por
1203 2847 1286 2920 aava
1299 2848 1509 2924 importunum,
1528 2864 1581 2906 nec
1594 2851 1652 2906 rite

425 2947 562 3002 eruissem
574 2942 741 3017 imperium,
751 2941 841 2997 sensit
853 2941 1045 3015 nmpistrotus
1060 2936 1179 3015 odqmd
1191 2935 1304 3013 fervidi
1317 2941 1440 2998 instare.
1456 2939 1651 3013 Quamobrem

425 3053 461 3097 nc
484 3035 544 3096 loci
561 3036 749 3093 mutationem
762 3034 905 3109 insinuem
926 3028 1075 3106 facerent,
1092 3033 1203 3093 diensi
1222 3034 1339 3093 dovmm
1361 3036 1499 3108 repetunt
1523 3037 1652 3111 quisque

427 3147 533 3206 suam,
558 3130 629 3189 inde
653 3132 693 3200 in,
708 3131 821 3205 repiam
844 3128 1016 3188 concedunt.
1042 3125 1111 3187 lam
1124 3126 1254 3188 seeundo
1277 3132 1371 3187 noetis
1392 3127 1468 3187 liora
1492 3128 1647 3202 vertebat,

425 3242 491 3287 eum
508 3225 626 3306 judicis
639 3223 741 3300 frater
765 3241 849 3284 armo
864 3222 948 3301 apud
971 3242 1001 3283 se
1015 3228 1151 3301 componi
1167 3241 1224 3301 por
1246 3222 1333 3299 ficies
1348 3240 1455 3283 causas
1478 3221 1648 3299 distulerat,

429 3335 553 3394 eumque
565 3316 715 3396 Spiucltas
728 3316 809 3375 ultra
819 3317 983 3376 condictam
996 3316 1098 3375 lteram
1110 3315 1210 3375 subire
1222 3331 1319 3375 arcera
1333 3317 1484 3388 cessasset,
1497 3316 1649 3373 occasione

427 3421 472 3476 ita
492 3434 523 3477 se
544 3417 632 3476 dante
653 3413 730 3473 alios
743 3417 861 3472 nectant
875 3412 969 3474 dolos.
990 3414 1062 3474 Cum
1081 3417 1158 3473 enim
1173 3413 1259 3471 loves
1280 3412 1346 3472 luce
1359 3427 1499 3488 suprema
1520 3414 1604 3470 necte
1617 3414 1652 3469 in

422 3522 526 3569 'arcem
539 3507 581 3566 ad
594 3504 745 3565 lanienam
764 3507 896 3582 apendice
909 3510 1014 3583 essent,
1025 3506 1125 3566 eodem
1138 3510 1206 3581 ipso
1227 3521 1288 3563 voe
1301 3521 1334 3563 eo
1349 3504 1500 3563 commoda
1514 3506 1582 3561 visa
1595 3506 1650 3578 cst,

428 3605 461 3660 ut
475 3616 511 3660 ne
526 3595 664 3672 stmepis
679 3595 781 3655 coedes
795 3597 832 3656 ab
843 3599 921 3656 arcis
935 3601 1079 3674 occupata
1093 3596 1319 3676 diffunderetur.
1339 3596 1441 3672 Itaque
1454 3594 1578 3654 insidiis
1591 3610 1651 3670 pro

427 3709 459 3755 rc
482 3693 554 3750 anta
567 3692 744 3765 compositis,
757 3692 810 3763 qni
832 3692 865 3748 in
886 3704 984 3749 arcem
1007 3689 1044 3747 ab
1067 3688 1277 3765 interpolatore
1296 3691 1422 3750 immissi
1444 3689 1525 3761 suat,
1539 3690 1649 3746 sensim

425 3787 546 3864 secessi,
564 3782 746 3841 Centurionis
771 3784 867 3838 autem
882 3780 967 3856 filins
981 3779 1060 3857 soris
1080 3778 1186 3841 solitus
1203 3784 1378 3855 pernoctare
1398 3777 1432 3836 ed
1457 3780 1492 3839 id
1504 3782 1603 3853 ipsum
1617 3782 1649 3835 in

426 3891 523 3938 rcrccm
536 3873 696 3934 tamtan
706 3888 737 3936 se
746 3875 868 3949 recepit.
880 3872 939 3934 Sul)
953 3872 1007 3933 lios
1020 3875 1099 3949 ipses
1113 3868 1251 3930 horarum
1270 3869 1408 3930 articulos
1427 3871 1652 3928 armamentarii

426 3976 545 4031 curator
558 3966 778 4031 inarcedomus
787 3984 858 4027 suae
869 3964 1092 4044 comprehensus
1107 3970 1160 4026 est.
1174 3968 1303 4044 Ceaeque
1316 3969 1345 4024 ei
1351 3963 1453 4044 jadex
1462 3967 1526 4040 ipse
1542 3967 1651 4040 cepitis

421 4079 549 4142 poenam
572 4063 747 4138 deprecatus
759 4064 844 4137 esset,
856 4076 915 4136 qno
927 4058 1049 4136 facilior
1062 4059 1133 4119 indo
1146 4056 1295 4134 consessio
1317 4060 1462 4133 oriminis,
1482 4059 1652 4134 coujuratio

425 4157 490 4235 sere
504 4162 597 4216 omnis
611 4160 726 4219 retecta.
744 4155 791 4216 ter
803 4161 863 4217 tum
879 4160 1063 4220 Culus-ierus
1076 4159 1207 4232 conopia
1218 4154 1296 4232 silio,
1318 4151 1465 4227 confessio
1479 4155 1649 4231 contestata.

459 4243 538 4303 Tum
561 4261 630 4305 vero
645 4244 748 4303 norror
762 4247 894 4322 undique
907 4250 933 4308 et
947 4244 1113 4321 festinatio.
1131 4245 1250 4305 Interea
1261 4247 1419 4322 praecipui
1446 4244 1602 4320 conjurati
1615 4259 1656 4299 ee

427 4338 586 4402 adversum
609 4343 674 4397 arei
700 4345 732 4398 in
753 4346 880 4415 quatuor
903 4339 1014 4401 raedas
1038 4343 1080 4402 ad
1106 4340 1241 4419 Prorepis
1263 4354 1359 4399 necem
1377 4342 1488 4397 intenti
1502 4340 1656 4396 instructi·

314 4434 323 4447 ‘
427 4447 485 4507 qtae
504 4428 692 4506 insidebant,
717 4436 743 4488 et
770 4436 893 4508 quisque
907 4437 1003 4492 ceenti
1016 4437 1129 4492 ansius
1156 4433 1290 4492 dicemus
1304 4433 1402 4489 anieno
1432 4425 1563 4486 trahit-ur
1579 4471 1588 4505 ,
1602 4433 1656 4503 qui

430 4530 553 4603 eupiunt
575 4529 602 4582 et
619 4525 736 4583 irorrent
750 4527 865 4601 simol,
887 4530 940 4602 qni
971 4525 1126 4603 festinant,
1148 4528 1175 4584 cl
1204 4527 1339 4592 cessant,
1361 4537 1422 4581 una
1443 4538 1541 4583 amnes
1560 4527 1656 4581 taurea

429 4618 508 4679 illud
530 4623 639 4693 tenpus
658 4615 793 4696 affectent
816 4660 825 4694 ,
846 4636 905 4695 qno
919 4619 1054 4680 desinant
1068 4624 1128 4697 uri,
1165 4624 1192 4678 et
1219 4620 1325 4678 edisse.
1342 4618 1379 4677 At
1404 4619 1520 4677 Prosae
1541 4621 1659 4675 interim

433 4711 503 4774 beili
531 4707 653 4769 consilio
679 4711 841 4787 aeva—oto,
867 4715 916 4771 cui
938 4717 964 4773 et
998 4711 1164 4773 Cetmelmus
1204 4709 1363 4788 interfuit,
1398 4713 1524 4770 circiter·
1539 4711 1658 4767 tertiam
