3942 5592
514 520 553 580 92

475 646 534 705 poa
547 635 610 693 sina
621 628 686 690 atto
695 629 815 693 alterins
825 632 910 692 ideae
923 631 1038 709 plotino
1051 679 1060 710 ,
1075 632 1152 690 deae
1166 628 1250 690 idem
1275 624 1451 704 sinpoaer
1471 619 1655 698 cottiparatnr
1661 644 1674 693 ,-

477 714 511 770 nt
524 710 655 770 Catilina
665 708 728 785 snit
737 711 832 772 nobile·
841 728 946 790 ponere
955 715 1057 783 notan
1068 712 1160 788 idqoe
1166 706 1329 769 seeundum
1338 703 1674 777 nasammonas

476 793 531 867 est,
545 793 572 850 et
585 788 714 867 sinopae
726 797 892 852 enaneioiio
903 791 1025 852 dieitur.
1041 791 1172 852 Atteins
1181 791 1292 863 speciei
1301 789 1345 846 est
1358 786 1499 861 tipamar,
1507 787 1673 861 qooddnos

475 871 560 932 ideas
572 875 731 947 conianpit
748 875 836 933 tertia
847 873 1003 951 mediante,
1014 873 1069 933 troc
1078 875 1122 932 est
1131 875 1244 930 ratione
1254 868 1360 945 aiiqna
1370 870 1433 923 siae
1442 880 1601 943 eapressa,
1614 872 1677 930 sine

475 954 588 1020 teeiia3
612 950 693 1025 qnod
710 957 752 1012 esi
767 956 885 1015 tertium
898 958 1002 1013 andis
1015 958 1131 1016 nostrae
1144 964 1231 1028 opos,
1245 952 1273 1007 ei
1286 947 1453 1008 dialecticis
1468 944 1678 1026 rptlopismnr,

477 1027 644 1093 rdetortwr
653 1035 749 1092 notem
762 1033 873 1093 dicitnr
884 1039 1051 1094 enirmernn.
1065 1033 1130 1107 (ino
1151 1044 1240 1094 sensa
1255 1024 1409 1088 Iuvenalis
1422 1028 1502 1085 inter
1512 1032 1622 1090 nemis
1634 1033 1680 1092 in·

396 1113 400 1124 ²
476 1109 626 1171 eomawde
638 1116 666 1171 et
678 1110 756 1174 ittnd
765 1118 909 1193 mamad,
924 1115 1006 1192 qnod
1017 1119 1049 1174 ot
1061 1115 1216 1189 iapeniosn
1227 1109 1367 1168 videatw

715 1235 933 1256 .....
975 1193 1103 1257 Cortum
1117 1202 1261 1254 sermone
1271 1193 1367 1251 rotato

718 1270 871 1352 Torqueat
884 1271 1050 1337 entimoma
1054 1313 1380 1335 .......

474 1351 529 1412 ltoe
539 1356 582 1413 est
596 1353 679 1433 toperi
683 1368 742 1430 per
755 1359 912 1414 sententias
924 1354 1093 1416 delectetur.

516 1433 651 1510 simplae
671 1434 801 1511 tipamen
820 1439 1004 1507 eaoneians,
1026 1434 1104 1497 ailitt
1123 1435 1247 1510 inpertit,
1262 1431 1313 1490 orsi
1326 1431 1403 1491 artis
1415 1425 1512 1489 habet
1527 1429 1663 1494 landem

474 1527 541 1571 vero
554 1519 698 1575 ammineo
709 1514 872 1575 derneretar
884 1519 1025 1577 sanna
1037 1518 1238 1584 ratiocinans,
1252 1526 1328 1588 qnae
1341 1512 1464 1569 tacitam
1475 1515 1538 1572 aim
1550 1520 1668 1575 erina-

475 1595 612 1653 maiieam
623 1597 761 1671 eoniind,
776 1590 830 1653 leae
848 1599 891 1655 est
910 1599 1068 1673 rationein,
1083 1613 1143 1673 poa
1159 1594 1307 1655 awdionte
1319 1631 1328 1665 ‚
1342 1590 1420 1649 dnae
1434 1589 1571 1654 dioerm
1584 1594 1670 1656 ideae

478 1676 544 1747 apte
557 1676 635 1734 inter
648 1693 679 1736 re
692 1672 880 1750 eoltipoatnr.
898 1674 979 1749 (inae
992 1679 1204 1736 adimematiea
1217 1678 1264 1734 vir
1277 1689 1313 1731 ne
1326 1670 1398 1730 dnm
1409 1674 1443 1728 ia
1450 1679 1669 1754 propositione,

476 1766 555 1826 pone
569 1754 698 1832 simplex
710 1756 856 1831 oideoior,
872 1758 925 1819 sed
937 1761 964 1817 ei
976 1761 1009 1817 in
1019 1774 1080 1817 nno
1092 1754 1179 1815 aerbo
1191 1751 1333 1814 abscondi
1343 1754 1451 1826 potest:
1463 1756 1498 1810 nt
1512 1771 1580 1814 mem
1593 1757 1668 1816 Por·

473 1846 557 1891 anno
574 1832 761 1896 Terentianus
777 1832 920 1898 Thaidem
932 1842 1048 1897 vaeavit
1058 1834 1163 1897 ieritis
1175 1834 1269 1910 sandi
1280 1832 1500 1908 calamitatem,
1519 1839 1674 1897 ainamma

474 1914 507 1970 in
520 1928 554 1972 eo
566 1914 654 1975 verda
666 1915 775 1984 robes&
789 1933 859 1975 nam
868 1922 980 1978 ratione
989 1919 1144 1986 mediante,
1155 1931 1243 1992 qnam
1256 1920 1321 1990 ipse
1336 1909 1481 1971 lhrmeno
1493 1911 1604 1993 nodo,

557 1991 635 2055 Nam
649 1993 731 2076 qood
746 2011 802 2056 nos
813 2012 918 2076 capere
934 2001 1065 2076 oportet,
1080 1995 1156 2058 haee
1169 1991 1336 2074 intercipe

495 2110 499 2121 ·
517 2073 679 2140 Cotomiias
692 2093 757 2137 nem
776 2074 890 2139 Thaide
902 2082 945 2139 est
958 2076 1108 2155 eolle'pnio:
1122 2077 1310 2154 andrasum
1323 2076 1352 2133 si
1364 2067 1513 2148 candente
1525 2088 1592 2135 enar
1605 2075 1673 2136 dia·

466 2151 589 2214 vlecticis
602 2174 752 2236 exponere
765 2156 849 2236 veles,
864 2162 907 2218 ita
921 2160 1050 2220 disseras
1060 2174 1173 2219 neeesse
1185 2160 1246 2216 ert.-
1519 2184 1521 2187 ·

557 2233 719 2301 Calamitas
736 2234 834 2318 perdit
847 2235 995 2319 quidquid
1010 2236 1159 2314 agricolas
1171 2234 1317 2315 colligere
1329 2240 1456 2316 oportet:

557 2313 644 2386 Quod
659 2335 714 2381 nos
729 2332 867 2396 capereo
888 2324 979 2395 ortet,
994 2315 1086 2380 Thais
1096 2315 1261 2397 intercipio

556 2393 650 2461 Thais
664 2396 760 2478 igitur
775 2405 820 2463 est
833 2336 995 2463 calamitas
1008 2396 1105 2462 nostri
1118 2395 1215 2460 lundi.

473 2664 534 2706 sem
555 2648 619 2720 ttae3
635 2664 688 2705 oon
701 2651 747 2706 eoi
760 2650 813 2707 dno
825 2650 885 2708 idee
897 2650 920 2704 ai
933 2643 1074 2723 eollegano
1095 2663 1173 2704 senaa
1185 2648 1336 2706 interventa
1355 2646 1382 2704 di
1401 2645 1473 2705 altra
1484 2646 1568 2721 iden3
1588 2663 1671 2708 eorne

473 2724 531 2781 cat'
544 2724 587 2780 ina
598 2724 628 2780 tu
640 2724 669 2781 di
682 2725 769 2782 nobile
782 2728 876 2799 stirpe:
890 2741 905 2784 e
919 2731 1017 2799 questa
1028 2723 1044 2781 e
1057 2724 1083 2780 la
1096 2723 1214 2780 reconda
1234 2723 1393 2793 operatione
1402 2722 1474 2781 della
1485 2731 1575 2813 mento
1586 2741 1668 2784 uma·

471 2798 1670 2949 itrtitttlttttttttttttitillatlittttttotiositatis

473 2967 490 3007 o
504 2951 601 3008 tacita:
617 2952 634 3008 il
645 2953 696 3010 ohe
708 2951 723 3009 ὀ
737 2953 762 3010 la
774 2960 848 3012 terzo
857 2955 1015 3026 operazione
1028 2951 1098 3009 della
1117 2958 1207 3008 mente
1226 2957 1340 3021 nostra,
1361 2967 1378 3009 e
1397 2952 1439 3009 da’
1449 2952 1579 3011 dialottioi
1592 2955 1666 3012 sillo-

471 3026 579 3100 giemo,
602 3027 733 3086 da’retori
753 3031 776 3086 si
796 3032 901 3088 chiama
920 3030 1071 3088 entimema.
1093 3028 1141 3085 Nel
1155 3027 1219 3100 qual
1239 3043 1319 3084 senso
1337 3027 1481 3087 Gioveonle
1499 3044 1614 3088 nornen
1627 3039 1669 3090 tra

470 3103 508 3175 gl’
518 3103 653 3161 incomodl
667 3104 692 3162 dl
706 3121 760 3163 uno
772 3107 882 3180 moglie,
897 3106 999 3164 oh‘ella
1012 3121 1061 3177 per
1074 3105 1196 3160 sembrar
1206 3105 1356 3178 ingegnosa

779 3255 989 3270 ......
1025 3213 1125 3266 Curiam
1133 3226 1244 3267 sermone
1255 3219 1334 3264 rotato

794 3283 915 3352 Torqueat
925 3281 1063 3336 Eutimeroa
1101 3322 1292 3339 .....

667 3411 672 3422 ·
795 3384 844 3453 (ln
852 3403 947 3439 sermon
958 3386 1024 3438 breve
1035 3384 1051 3436 l’
1059 3385 1196 3439 Eulimenos
1205 3382 1297 3453 vibra)

471 3465 529 3522 eloi
543 3469 592 3525 ohe
605 3471 718 3528 dilettnei
732 3473 761 3529 di
770 3472 875 3544 pariare
888 3488 936 3544 per
949 3473 1077 3530 eoneetti.

509 3541 529 3598 ll
543 3543 645 3616 laguine
657 3547 785 3619 sempliee
799 3548 842 3621 lla
851 3549 924 3606 nuda
936 3549 1142 3620 enunciationel
1156 3564 1210 3605 non
1230 3548 1265 3604 ha
1277 3550 1393 3623 ingegno
1410 3547 1445 3604 ne
1462 3554 1533 3606 orta.
1556 3545 1660 3606 lenita.

471 3620 536 3675 bene
550 3620 611 3678 lodo
624 3622 650 3679 di
661 3640 758 3680 nonme
771 3624 789 3681 l’
799 3623 867 3681 altro
880 3623 995 3699 legame,
1011 3641 1028 3680 o
1042 3625 1067 3681 ln
1081 3631 1206 3681 sentenza
1218 3626 1377 3697 raginnante
1391 3664 1400 3695 ,
1415 3625 1467 3681 ohe
1487 3626 1664 3683 nortamenn

471 3696 593 3754 contione
606 3699 632 3756 la
646 3700 718 3756 lorza
730 3701 936 3768 entimematioa.
948 3700 1007 3758 oioie
1020 3700 1046 3756 la
1059 3702 1187 3774 ragione,
1203 3700 1246 3758 eol
1256 3701 1302 3758 oui
1315 3717 1406 3758 mezzo
1419 3700 1474 3758 dne
1487 3701 1591 3759 inverse
1605 3701 1664 3758 idee

466 3768 570 3844 ‘legensi
583 3776 800 3832 aeeoneiemonte
814 3783 856 3833 tra
867 3778 936 3834 loro.
952 3779 991 3834 La
1000 3775 1063 3850 qual
1076 3777 1151 3833 lorza
1161 3777 1359 3835 entimematioa
1370 3791 1424 3831 non
1433 3776 1484 3833 ohe
1497 3777 1524 3832 in
1535 3789 1589 3833 una
1602 3793 1665 3850 pro·

471 3847 592 3916 posizion
606 3851 744 3922 sempliee,
759 3867 802 3908 rna
812 3854 840 3908 in
853 3869 907 3910 nnn
921 3851 1083 3925 solaparola
1094 3854 1149 3925 puo
1162 3853 1349 3910 aescenderet.
1366 3851 1427 3908 Cosi
1448 3851 1560 3923 qrrando
1578 3852 1595 3909 il
1619 3854 1667 3908 Te·

469 3924 593 3982 renziano
613 3929 780 3985 Parmenone
796 3929 901 3986 chiamo
921 3928 1001 3986 Taide
1017 3951 1028 3979 ιι
1044 3928 1169 3986 edomiti
1188 3929 1277 3986 d’uno
1289 3928 1381 3989 sterile
1402 3929 1484 3986 londo
1499 3951 1511 3981 ι
1527 3930 1554 3987 in
1577 3927 1669 4002 quella

469 3999 565 4084 parole
577 4004 599 4058 ε’
609 4004 727 4077 appiatta
740 4003 758 4060 l'
767 4006 928 4064 entimema:
942 4003 1048 4078 poiche,
1059 4006 1190 4064 mediante
1199 4004 1226 4062 la
1236 4004 1355 4080 ragione,
1370 4003 1423 4065 ohe
1435 4008 1591 4064 Parmenon
1604 4019 1669 4078 sog·

471 4089 571 4149 grunge

565 4138 574 4178 r

775 4201 827 4255 Che
835 4212 928 4273 quanto
937 4205 978 4258 noi
986 4221 1064 4257 rancor
1073 4205 1314 4274 nonannoeane

775 4271 1069 4344 So‘rpreode,eeirapisee
1107 4315 1113 4327 .
1153 4315 1159 4327 .
1198 4310 1205 4324 .

469 4417 670 4568 rafflffriatihess
681 4420 743 4556 {ega
755 4437 806 4482 oon
818 4423 909 4484 laide.
932 4426 966 4484 Se
980 4426 1001 4484 ti
1014 4424 1133 4502 aggroda
1145 4426 1187 4482 cio
1201 4426 1396 4499 sriluppareal
1410 4425 1493 4487 modo
1514 4426 1668 4499 dialettieo,

650 4514 681 4556 os
702 4518 710 4552 :

605 4636 638 4688 La
648 4638 759 4690 calanfiti
771 4637 858 4689 manda
868 4640 892 4691 in
904 4641 1036 4709 perditione
1045 4641 1083 4693 rio
1093 4639 1138 4694 che
1148 4642 1238 4695 dorcon
1248 4643 1392 4710 raccogliere
1403 4640 1438 4710 gli
1452 4641 1563 4709 agricola

605 4704 680 4758 Taide
691 4707 728 4759 cio
736 4706 780 4760 ohe
790 4708 831 4760 noi
843 4706 979 4763 dovrenrnro
989 4709 1141 4779 raeeogliere,
1153 4730 1182 4764 ne
1195 4712 1301 4783 περίθετος
1419 4712 1422 4717 ’

605 4768 706 4844 Dnnqne
716 4775 789 4830 Tarte
800 4778 812 4829 ὲ
822 4776 843 4830 la
858 4776 966 4845 salamiri
974 4779 1012 4833 td
1022 4790 1103 4833 nostro
1115 4780 1209 4847 podere.
