3942 5592
502 509 559 568 150

501 620 600 680 Media
609 623 708 679 eutem
731 620 932 694 neemlnorum,
943 618 1198 697 periculorumque
1205 621 1238 680 iu
1251 621 1312 677 tam
1325 620 1476 678 meriosarn
1486 614 1668 676 animaduer-

464 704 491 757 si
495 716 576 760 ouen
589 715 649 760 nen
663 700 786 759 cadunt.

499 779 663 840 Videndum
677 784 774 839 temen
784 785 876 858 est,nc
886 781 959 841 dum
967 793 1087 838 munnere
1100 778 1402 854 inserviummpcrba
1416 781 1460 840 sic
1473 777 1673 849 traiicianlur,

459 862 492 921 ut
510 858 547 918 cle
561 861 712 923 industria
724 859 839 932 [actum
851 862 1009 937 appareat,
1022 873 1092 917 ncne
1105 863 1199 920 otiosa
1213 859 1323 930 acrba,
1350 858 1446 920 veluti
1459 856 1597 918 tibicines
1611 860 1671 914 rui·

465 955 522 999 uae
592 941 752 1000 ulciamus.

506 937 677 1082 &spasmum
689 1023 849 1097 postremo,
863 1024 894 1078 ut
909 1022 1059 1080 varientur
1068 1020 1196 1080 norrea
1209 1036 1275 1079 mem
1285 1023 1399 1095 incisis,
1410 1023 1438 1078 et
1448 1021 1525 1079 iliter
1535 1016 1611 1077 naec
1623 1032 1669 1092 pe·

469 1101 667 1177 siculumque
685 1101 786 1161 eodem
801 1115 914 1176 semper
921 1099 998 1177 pede
1011 1102 1185 1161 sementiam
1198 1101 1401 1177 claudamus3
1416 1116 1474 1176 quo
1485 1101 1608 1156 nomine
1620 1114 1666 1155 na-

472 1185 552 1240 tatur
568 1183 681 1256 Cicero,
696 1180 777 1257 quael
790 1182 944 1256 tantopere
957 1180 1013 1240 illa
1027 1179 1163 1240 clarente
1177 1180 1338 1242 delectetur
1351 1194 1416 1241 esse
1434 1176 1589 1240 videatur.

914 1347 956 1395 DE
969 1345 1086 1396 tonnis
1100 1346 1240 1397 nicenum

506 1505 557 1575 Eu
569 1505 616 1567 leis
630 1505 762 1567 ammons
776 1507 812 1569 eie
829 1506 1014 1584 eloquattonc
1029 1510 1200 1586 praeceptis
1214 1511 1274 1567 tres
1288 1507 1454 1584 conflantur
1475 1510 1665 1583 caracteres,

464 1602 516 1648 seu
525 1584 645 1664 fipurae
657 1585 788 1664 dicendi,
803 1589 845 1650 ad
856 1604 930 1664 quas
942 1588 1015 1667 stuli
1029 1605 1138 1664 onmes,
1149 1591 1300 1664 tamqnam
1310 1588 1352 1645 ad
1360 1599 1468 1662 penem
1479 1592 1668 1648 revocantur.

507 1666 569 1727 Eae
581 1670 681 1725 auem
691 1671 760 1726 sunt
773 1667 925 1746 sublimis,
940 1667 1083 1744 humilis,
1096 1669 1266 1745 temperata·
1598 1699 1600 1702 v

505 1743 645 1809 Subtincis
658 1744 757 1814 lencm
770 1748 860 1810 labet
873 1751 908 1810 in
920 1753 1107 1827 urpumerntis
1119 1751 1223 1822 maum'
1231 1747 1380 1821 mananti,
1393 1746 1427 1803 ut
1441 1744 1480 1805 ele
1490 1762 1524 1805 re
1534 1746 1669 1820 penten

506 1823 719 1886 sublimitatem
732 1828 894 1901 conciliaret
908 1833 1036 1888 orationi
1050 1830 1215 1890 sententiae
1225 1841 1444 1900 noeumane,
1458 1826 1666 1898 ‹zimiraune

465 1905 555 1968 verba
568 1908 736 1985 coniuncte,
746 1911 836 1971 morlo
845 1909 1005 1972 insolentia
1017 1925 1077 1969 non
1086 1912 1157 1978 sinte
1167 1910 1300 1985 poetica,
1310 1903 1397 1964 neoda
1406 1920 1469 1964 naa
1480 1905 1571 1980 mooe
1582 1924 1672 1968 ason·

467 2003 504 2049 su
517 1990 665 2056 communi
677 1990 831 2061 recedant3
846 1993 974 2062 vetusta,
984 1989 1209 2051 modenensint
1226 1988 1418 2046 intermortua
1430 1989 1458 2045 et
1472 1985 1670 2058 cantaneto,-

466 2085 483 2128 c
496 2070 592 2144 tropis
606 2067 786 2141 tumuletio3
803 2086 819 2129 e
834 2068 1025 2132 schematibus
1054 2069 1208 2129 verborum
1226 2069 1439 2143 repetitiones,
1454 2067 1669 2130 ¹‹lisiunctienes

369 2214 372 2219 Δ
469 2151 503 2207 in
515 2164 548 2215 re
561 2148 678 2217 eadem·
695 2152 917 2215 coniunctiones
930 2154 964 2209 in
978 2149 1117 2221 amusim
1130 2166 1146 2209 e
1157 2145 1267 2224 neure
1280 2149 1381 2207 antem
1390 2149 1605 2208 sententiarum
1616 2164 1672 2206 om-

466 2245 530 2303 ues,
544 2243 621 2306 quae
639 2230 902 2308 amplificationem
911 2233 1037 2308 pariant
1050 2270 1060 2304 ‚
1073 2235 1101 2289 et
1114 2230 1209 2289 ammi
1220 2230 1317 2286 motus
1332 2221 1518 2287 venementer
1531 2231 1671 2290 excitent.

468 2309 556 2368 Retia
569 2314 723 2389 sermonis,
735 2329 810 2388 quae
824 2317 922 2373 statim
935 2310 1079 2387 loquendi
1088 2307 1330 2369 consuetudinem
1339 2308 1489 2382 immutet,
1500 2309 1529 2366 et
1537 2306 1673 2383 plenem,

467 2392 635 2465 rectamque
650 2397 803 2467 syntaxim
818 2409 878 2453 naa
887 2394 999 2471 sapiat.
1018 2391 1165 2452 Postremo
1177 2390 1348 2464 compositio
1357 2400 1412 2446 uec
1425 2384 1581 2449 dissoluta
1592 2404 1675 2465 prar-

467 2483 519 2529 sus
532 2512 541 2544 ‚
554 2485 608 2530 nee
616 2484 743 2544 prorsus
757 2479 924 2545 concinna,-
944 2475 1083 2532 iunctura
1170 2473 1175 2485 ’
1203 2483 1329 2545 aspera,
1344 2481 1435 2542 quum
1451 2465 1528 2528 lenis
1542 2488 1557 2539 ‚-
1571 2485 1674 2529 nonme

464 2551 569 2705 mus
581 2590 590 2624 ,
604 2564 694 2624 quum
707 2553 802 2615 emitis
814 2573 827 2623 ,·
841 2565 981 2614 numerus
995 2568 1036 2610 eu
1056 2551 1138 2611 ducti
1150 2555 1176 2611 is
1189 2546 1365 2610 modulatus
1377 2566 1390 2618 ,·
1408 2548 1560 2624 periodus
1579 2564 1671 2624 aequo

536 2645 592 2689 m·
1148 2660 1150 2665 .

471 2885 558 3018 cnm
571 2903 664 2945 mezzo
678 2888 719 2947 de'
731 2889 845 2946 membri
856 2904 871 2946 e
886 2888 929 2946 de‘
940 2892 1046 2961 periodi
1059 2907 1112 2949 noe
1126 2893 1150 2950 si
1163 2888 1233 2948 bede
1246 2889 1269 2944 e’
1280 2883 1351 2959 piedi
1363 2900 1415 2944 con
1428 2894 1503 2944 tante
1522 2886 1674 2944 curiositie

490 2977 613 3034 ingenie.
1272 2974 1276 2984 '
1629 2985 1632 2989 ’

506 3041 621 3111 Besognn
633 3055 680 3111 per
693 3039 761 3097 eitra
774 3040 927 3114 generdersi‚
941 3049 1043 3101 mentre
1057 3042 1212 3100 cerchiemo
1226 3039 1243 3095 il
1263 3053 1350 3095 suone
1370 3054 1386 3095 e
1406 3037 1606 3111 i'ermoniesn
1625 3053 1675 3093 noe

472 3113 527 3170 tere
540 3116 622 3171 coleti
633 3117 774 3173 inversioni
790 3116 936 3190 dipesele,
951 3119 1003 3174 che
1017 3121 1042 3175 vi
1051 3119 1073 3174 si
1088 3134 1189 3192 scorge
1202 3113 1365 3173 l’indestrie
1377 3130 1393 3171 e
1406 3113 1432 3170 lo
1447 3121 1556 3186 stento,
1570 3129 1675 3172 ennon

473 3189 630 3247 introdurre
644 3192 736 3262 parete
751 3208 830 3262 vene,
844 3192 924 3264 qeesi
937 3194 1053 3266 punteiii
1066 3193 1241 3253 eli’omzione
1254 3190 1304 3246 che
1318 3190 1450 3247 mineccin
1463 3191 1568 3246 tevine.

511 3267 533 3321 E
548 3281 596 3336 per
608 3268 703 3323 ultimo
717 3268 738 3322 si
752 3266 836 3324 debite
850 3282 913 3323 ever
924 3285 1006 3340 eure,
1015 3271 1067 3326 che
1079 3286 1132 3327 con
1144 3270 1214 3328 betia
1224 3267 1326 3322 veneti
1338 3266 1361 3321 s’
1371 3267 1560 3322 intromettnno
1573 3266 1580 3321 i
1595 3279 1677 3320 mem·

472 3341 515 3399 ini
542 3340 596 3414 egli
617 3342 710 3412 incisi,
725 3358 741 3399 e
755 3343 781 3400 in
795 3359 885 3400 mezen
899 3343 922 3399 a’
933 3347 1047 3405 membri
1059 3360 1075 3402 e
1088 3346 1140 3417 egi’
1146 3344 1224 3405 incisi
1236 3344 1254 3400 ii
1273 3341 1385 3413 periodi.
1401 3343 1423 3398 E
1437 3341 1488 3398 che
1499 3357 1555 3398 non
1566 3355 1674 3411 sempce

474 3415 641 3475 ⁰⁰ll'1810880
653 3418 731 3492 pindo
745 3420 769 3475 si
781 3417 882 3475 chiudn
894 3420 918 3476 ln
931 3431 1067 3492 centenum
1077 3422 1129 3479 che
1138 3424 1266 3480 Cicerone
1277 3425 1365 3477 stesso
1378 3417 1408 3476 tu
1421 3418 1525 3489 cipreso
1539 3432 1587 3488 per
1598 3415 1616 3470 i'
1626 3430 1676 3471 eso

473 3498 547 3548 tento
559 3493 699 3566 frequente
714 3494 784 3551 delia
797 3494 919 3551 cieuseie
935 3522 947 3551 e
963 3513 1024 3556 esse
1037 3498 1160 3556 videntur
1171 3521 1195 3550 e.

910 3664 994 3704 uene!
1005 3665 1092 3706 1²02!ss
1106 3664 1156 3703 ΒΕΙι
1169 3664 1242 3704 utun.

512 3794 550 3853 ne
564 3797 626 3853 tuni
639 3798 730 3869 questi
746 3801 860 3870 precetti
875 3802 981 3857 intorno
995 3799 1049 3856 etin
1061 3798 1222 3856 Eioeuzione
1235 3840 1243 3868 ,
1257 3801 1283 3857 ci
1297 3814 1418 3874 vengona
1432 3796 1457 3853 ie
1477 3803 1519 3853 tre
1533 3795 1620 3852 terme
1635 3791 1675 3849 dci

477 3867 547 3945 dire,
562 3888 579 3929 e
592 3873 599 3928 i
612 3879 653 3930 tce
667 3874 721 3935 stili
734 3872 887 3945 principati,
901 3876 981 3946 euni,
997 3891 1075 3932 come
1087 3876 1218 3949 egenen,
1233 3877 1254 3932 si
1268 3876 1385 3935 riducon
1398 3871 1524 3948 gii-nitri.

512 3946 544 4007 Vi
556 3946 571 4006 i
585 3947 697 4023 deinque
709 3952 736 4009 te
748 3950 834 4006 serene
847 3953 972 4021 sublime,
985 3951 1010 4008 le
1023 3950 1117 4019 neuile,
1132 3952 1158 4006 in
1171 3958 1330 4023 temperate.

512 4022 655 4082 lnneiemm
666 4026 809 4085 t’oreuione
822 4045 837 4084 e
851 4027 990 4087 sublimine
1003 4028 1027 4088 ie
1037 4034 1160 4083 sentence
1173 4043 1273 4100 necve,
1288 4026 1446 4100 pellegrini,
1459 4021 1586 4081 mirabili:
1603 4021 1627 4077 ic
1636 4032 1681 4106 pn·

477 4097 714 4177 tennensium,
730 4103 833 4175 peerchi
847 4120 899 4161 non
914 4104 1032 4176 pagnino
1045 4102 1137 4167 etiamn
1147 4110 1244 4160 contro
1254 4105 1272 4162 ii
1287 4106 1360 4162 buon
1373 4118 1434 4159 ceso:
1450 4100 1474 4156 le
1489 4097 1583 4171 peroio
1595 4102 1682 4168 poeu-

476 4172 539 4246 che,
555 4177 663 4248 quenda
676 4194 728 4237 nen
740 4179 763 4235 si
777 4178 939 4238 eliontenino
954 4186 1052 4250 troppo
1067 4177 1110 4235 del
1126 4194 1205 4235 senso
1219 4195 1234 4238 e
1248 4180 1442 4237 intendimento
1455 4190 1585 4240 comune:
1602 4173 1626 4229 ie
1637 4185 1683 4253 1⁸⁸⁸.

477 4249 533 4307 rote
546 4253 663 4324 antiche,
678 4271 707 4312 se
721 4270 773 4310 non
787 4271 852 4313 sono
866 4263 953 4312 morte
966 4271 981 4311 e
995 4254 1106 4326 sepelte.
1123 4256 1167 4312 Dei
1180 4257 1251 4327 tropi
1263 4257 1288 4311 ia
1298 4253 1468 4322 traslazione
1477 4251 1549 4309 delle
1559 4251 1647 4322 figure
1658 4244 1683 4302 dt

477 4328 569 4396 percle
584 4328 608 4384 ic
621 4330 778 4400 ripetizioni,
792 4330 816 4388 te
830 4331 1004 4404 disgieezioni
1017 4332 1043 4386 in
1058 4346 1111 4387 une
1124 4345 1188 4386 cose
1202 4329 1386 4400 medesima‚le
1400 4327 1589 4401 congiuneioni
1602 4326 1629 4382 in
1639 4340 1684 4379 co-

478 4418 507 4458 se
520 4402 634 4461 diverse:
650 4406 690 4461 tre
704 4407 824 4478 tetigere
837 4407 906 4465 delle
920 4414 1053 4476 sentence,
1065 4412 1134 4461 tutte
1148 4407 1236 4478 qeeelte
1249 4410 1301 4464 che
1313 4407 1437 4479 veglinno
1450 4404 1484 4460 ed
1508 4403 1682 4475 amplificare,

479 4492 494 4532 e
508 4480 646 4536 suscitene
660 4482 791 4556 gegtiaedi
804 4483 956 4540 niovimenti
970 4483 1101 4540 d’enimo.
1117 4483 1156 4539 Le
1169 4483 1288 4541 diuitum
1301 4498 1365 4539 esca
1378 4481 1449 4538 delle
1461 4479 1558 4552 volgae
1572 4491 1687 4536 consee-

478 4556 606 4623 tudine,e
621 4574 675 4612 non
689 4565 766 4614 sente
780 4557 805 4616 di
819 4560 925 4632 pinnae
939 4567 1035 4631 troppo
1050 4558 1178 4629 semplice
1193 4559 1309 4616 sintessi.
1319 4557 1354 4616 lm
1367 4556 1566 4626 composicione
1579 4569 1633 4609 nan
1647 4552 1684 4607 sie

480 4628 583 4714 siegnta
596 4632 637 4692 dei
653 4640 734 4706 tuno,
749 4650 792 4691 me
802 4650 923 4707 neppure
938 4636 960 4691 si
970 4635 1065 4691 masiti
1078 4641 1148 4690 tutte
1161 4638 1287 4691 mamete
1299 4651 1315 4691 e
1328 4648 1448 4692 venosa:
1461 4631 1487 4687 le
1499 4631 1631 4703 giemture
1644 4628 1684 4683 die

477 4714 608 4773 pentesto
623 4709 684 4766 ncll’
695 4726 776 4782 espm
789 4713 840 4768 cire
854 4712 897 4769 net
907 4711 1021 4780 liseinto,
1038 4713 1076 4767 sie
1087 4709 1135 4781 pii
1148 4727 1247 4769 eonem
1260 4711 1311 4768 che
1321 4707 1418 4766 sonito:
1435 4707 1454 4763 ii
1466 4721 1582 4763 numero
1595 4705 1617 4760 si
1629 4719 1683 4762 mo·

479 4783 534 4838 deri
546 4800 562 4840 c
575 4786 716 4842 armeniaci
730 4787 906 4845 conmissum
920 4776 946 4844 di
956 4786 1051 4857 decute
1060 4786 1193 4858 iiperiodo
1204 4787 1330 4860 snperehi
1341 4783 1471 4857 sequane
1484 4783 1513 4840 in
1527 4778 1681 4857 iunghczm.
