3942 5592
540 655 675 728 Ananim
689 657 741 717 sed
753 659 859 731 terreis,
868 653 1054 732 simplexque
1064 651 1209 726 sunnine
1214 672 1314 731 pouco

516 766 520 774 ¹
540 746 703 825 Adspirate
716 749 743 804 et
755 743 859 804 adesse
869 740 966 805 choris
978 746 1040 801 erut
1051 742 1144 817 utilis,
1154 748 1239 821 atque

544 838 686 899 Nondum
695 840 792 913 spisso
803 836 892 895 mauis
901 830 1044 910 complere
1053 831 1161 894 reditio
1170 835 1260 911 lietu,-

542 926 605 1001 Quo
614 943 684 986 sone
690 924 820 1003 popolus
829 920 1031 992 numerabitis,
1043 927 1144 999 utpote
1150 940 1266 1000 paruus

542 1024 581 1085 tt
595 1020 692 1101 smmi,
705 1025 860 1097 castusque
872 1021 1123 1096 verecundusque,
1138 1019 1243 1079 coibat.

580 1120 742 1196 Postquam
754 1118 846 1193 eoepit
859 1130 946 1189 19111
959 1116 1120 1176 estendere
1132 1118 1237 1192 nidor,
1251 1120 1279 1177 et
1292 1118 1391 1179 urbem

538 1210 643 1271 latior·
656 1208 794 1287 ornpieeti
807 1222 918 1282 murus,
932 1211 1058 1284 imoque
1070 1204 1177 1266 diurno

539 1305 662 1366 Piocori
674 1306 775 1382 penius
788 1299 875 1379 sestis
888 1306 1004 1378 impone
1018 1301 1129 1377 diebus,

536 1401 662 1464 decessit
676 1404 857 1474 nummoque
870 1399 1021 1472 modisque
1034 1396 1154 1456 licentio
1167 1405 1272 1460 maior.

542 1492 683 1553 Indoctus
695 1488 771 1566 quid
782 1492 858 1546 enim
871 1491 998 1563 superet,
1006 1483 1140 1562 -tioerqoe
1154 1487 1298 1568 laborum,
1340 1536 1342 1541 .

542 1589 678 1648 Rusticus
691 1585 805 1646 orbona
819 1578 973 1659 confusum
989 1585 1085 1658 turpis
1098 1579 1240 1646 honesto?

542 1682 591 1741 Sic
598 1682 715 1754 priscae
726 1680 890 1750 motumque
903 1678 930 1733 et
943 1673 1225 1735 tonarius-adoino
1238 1682 1298 1737 orii

543 1768 658 1831 Tibicen
670 1813 679 1844 ,
693 1770 845 1842 traxitque
855 1781 947 1842 oopus
956 1779 1015 1840 per
1020 1763 1142 1841 padpito
1154 1771 1267 1826 uestem.

543 1862 590 1922 Sin
604 1863 692 1919 etiem
702 1855 814 1932 fidibus
826 1872 909 1916 uoces
921 1869 1036 1912 ereume
1046 1857 1174 1926 seueris;

545 1954 583 2015 Et
596 1951 664 2010 toiri
676 1951 822 2029 eloquium
834 1945 984 2008 insolitum
996 1942 1144 2019 [mundio
1151 1961 1309 2025 proeeeps·

549 2048 728 2126 Utiliumque
741 2060 838 2121 sapon
851 2058 959 2117 rmum,
976 2045 1004 2099 et
1017 2042 1121 2102 diuino
1132 2039 1244 2117 sutum,

547 2143 698 2220 Sortitepis
712 2158 771 2202 noo
784 2141 944 2217 discrepuit
959 2141 1103 2198 sententio
1116 2135 1248 2215 Delphis.

542 2247 676 2307 Commne
689 2243 742 2315 qui
755 2240 868 2312 tropico
882 2233 969 2294 oiien
981 2238 1101 2294 cenauit
1113 2234 1148 2293 ob
1162 2236 1288 2312 hircum,
1536 2241 1595 2303 220

419 2468 483 2522 203.
498 2456 634 2529 Aemula)
641 2459 713 2524 Quae
727 2411 830 2522 eadem,
846 2458 1002 2508 recurrente
1015 2465 1107 2507 rernm
1121 2450 1239 2509 civilium
1252 2454 1331 2529 serie,
1345 2457 1431 2530 rediit,
1445 2475 1514 2533 quiae
1529 2462 1595 2517 diei·

380 2551 597 2712 magnam)
612 2639 652 2695 En
666 2651 716 2692 cur
730 2649 812 2705 supra
826 2632 982 2690 dicebamus
996 2674 1004 2706 ,
1025 2633 1143 2689 iambum
1157 2649 1208 2689 non
1222 2633 1323 2692 ideirco
1337 2637 1463 2695 dramatis
1477 2641 1504 2695 in
1518 2641 1590 2711 prin·

380 2733 480 2803 cipium
490 2729 736 2797 accommodatum,
751 2726 914 2781 1111111111
927 2724 1053 2793 strepitus
1067 2723 1221 2794 populares.

417 2819 482 2874 tot.
500 2813 668 2885 castusque)
688 2811 835 2881 castitate,
855 2823 911 2881 qaia
928 2808 1021 2864 Cicero
1040 2807 1066 2863 in
1086 2808 1212 2882 Leuibus
1223 2810 1259 2866 ait
1271 2810 1338 2868 deos
1352 2820 1431 2870 coste
1444 2813 1592 2871 odeisnto:

380 2924 441 2964 nam
454 2906 520 2978 ludi,
535 2906 562 2961 in
574 2905 671 2976 naribus
684 2902 832 2975 agebantur
842 2899 1008 2969 comoediae,
1021 2899 1168 2957 edebantur
1180 2899 1207 2955 in
1219 2903 1347 2959 honorem
1358 2904 1482 2977 deorum,
1494 2908 1593 2978 quibus

380 2999 578 3055 sacrificaturus
592 2996 667 3065 prius
682 2993 763 3048 lavari
777 2992 926 3064 1111111111.

417 3094 448 3146 et
459 3095 481 3144 t.
497 3088 688 3157 Nasmerisqoe
703 3081 851 3155 modisque
864 3081 984 3139 licentio
996 3083 1156 3153 1111111111
1180 3084 1274 3141 eodem
1295 3101 1411 3144 recursu
1429 3105 1591 3145 caussarum

381 3179 484 3233 musica
496 3175 579 3232 nostri
591 3173 719 3245 temporis
734 3173 825 3229 metria
840 3175 925 3229 utitur
937 3173 1115 3237 brevioribus,
1129 3172 1310 3230 citerioribus
1324 3175 1465 3250 rhythmis.

417 3271 482 3325 ttt.
498 3269 671 3336 Motumpue
685 3268 713 3319 ei
725 3261 885 3334 iunonem)
907 3262 936 3318 id
955 3264 1045 3332 ipsum
1059 3277 1186 3332 numero,
1200 3264 1273 3335 qttod
1285 3281 1358 3321 nunc
1370 3266 1472 3322 iaciunt
1485 3266 1512 3322 le
1525 3284 1589 3323 cor·

380 3350 640 3424 reatinesroncesi.

419 3452 484 3504 115.
504 3441 611 3517 Vopus)
626 3443 737 3516 Errans‚
753 3445 792 3498 uti
805 3456 877 3497 nunc
891 3447 1031 3512 specimus
1043 3440 1157 3514 pollina
1166 3440 1298 3498 saltatio.

417 3541 481 3593 tta.
497 3533 632 3610 Delphis)
647 3535 713 3603 Quia
726 3533 830 3592 musica
843 3533 975 3604 principio
989 3533 1022 3590 ad
1036 3533 1170 3589 canendus
1183 3534 1296 3591 deorum
1311 3534 1403 3593 iaudes
1417 3538 1524 3593 inventa
1537 3545 1588 3606 est,

379 3631 408 3682 et
420 3639 492 3679 niano
507 3639 570 3678 sane
584 3623 686 3678 Summi
700 3620 832 3677 Pontificio
845 3619 985 3675 oraottlum
1001 3620 1104 3676 consuti
1118 3628 1270 3690 oporteret,
1285 3632 1315 3677 ut
1328 3623 1418 3678 cantari
1434 3628 1587 3696 croperia»

381 3727 426 3770 rao,
443 3726 498 3783 quo
510 3711 537 3766 11
552 3709 637 3765 111111
650 3708 761 3779 utimur,
776 3706 967 3762 admisceretur
981 3714 1079 3762 cantus
1091 3708 1138 3778 qni
1153 3706 1249 3763 dicitur
1255 3707 1417 3782 fipssrotrts.

791 3810 837 3857 111
847 3809 1030 3869 mondino
1042 3810 1172 3869 origine.

415 3910 480 3963 220·
499 3905 635 3961 dormine
644 3900 824 3973 miitropico)
838 3899 901 3954 11111
916 3907 994 3970 poeta
1011 3900 1103 3971 incipit
1123 3899 1204 3954 rerba
1219 3899 1307 3957 iacere
1327 3903 1360 3959 de
1378 3905 1535 3975 tragoedia,
1557 3905 1590 3962 do

379 3991 458 4045 carius
472 3988 583 4044 historia
595 3985 726 4057 quaedum
739 4000 772 4041 ea
785 3983 898 4056 antiquis
912 3983 1097 4041 traditionibus
1110 3984 1175 4039 satis
1188 3986 1306 4043 obscura
1318 3994 1346 4043 et
1357 3989 1471 4043 contusa
1492 3988 1590 4059 tradit3

377 4091 495 4148 quaeest
507 4079 605 4131 Nonne
617 4075 764 4130 Scieutioe
774 4073 936 4146 Principiis
951 4072 1100 4144 illustrata,
1115 4086 1146 4128 11
1158 4072 1282 4131 distincta
1295 4075 1413 4146 primum
1426 4074 1590 4131 dramaticae

378 4182 508 4238 personae
518 4166 664 4238 inventum,
679 4172 705 4221 11
718 4180 809 4221 veram
823 4165 904 4239 etymi
917 4164 1056 4226 rationem.
1071 4180 1125 4236 qua
1138 4166 1273 4239 tragoedia
1286 4166 1356 4222 dicta
1370 4174 1431 4240 est,
1446 4166 1584 4223 evidentes
1603 4192 1606 4201 =

377 4259 572 4314 demonstrant.
591 4259 686 4332 Caper
698 4257 769 4314 enim
782 4257 890 4313 Graecis
904 4265 991 4330 spinos
1004 4256 1118 4331 dicitur,
1133 4259 1203 4315 unde
1217 4257 1362 4330 Tragoedia
1376 4257 1526 4354 appetiu'ta:
1543 4257 1592 4314 sed

379 4366 432 4405 non
451 4349 571 4420 iccirco,
585 4349 658 4420 quod
672 4349 764 4406 hircus
777 4350 926 4407 viatoribus
938 4348 998 4405 eius
1012 4350 1165 4405 certaminis
1179 4348 1222 4405 viii
1236 4350 1353 4420 praemio
1367 4350 1495 4422 daretur,
1513 4354 1589 4423 quod

378 4441 503 4496 horatius
525 4440 580 4511 ipse
599 4441 657 4496 heic
676 4441 808 4515 miratur3
834 4442 883 4500 sed
899 4443 962 4512 quain
979 4440 1065 4512 prima
1083 4441 1229 4498 dramatico
1243 4456 1358 4512 persona
1372 4441 1439 4499 haec
1454 4444 1541 4518 Satyri
1554 4443 1593 4499 in·

377 4534 456 4601 venta
470 4532 520 4596 est,
535 4541 618 4597 quam
632 4533 743 4582 naturae
756 4529 915 4583 conveniens
930 4527 1000 4592 suit,
1016 4534 1046 4583 ut
1059 4529 1152 4584 rustici
1167 4528 1286 4584 homines
1300 4569 1307 4598 ,
1323 4531 1392 4586 inter
1406 4547 1474 4602 quos
1489 4532 1592 4601 primos

376 4616 481 4687 poetica
495 4616 603 4673 historia
617 4617 793 4674 dramaticum
807 4635 903 4689 poema
917 4626 1007 4676 ortum
1021 4627 1122 4690 narrat,
1137 4621 1254 4690 caprinis
1267 4620 1379 4693 pellibus
1395 4623 1494 4695 pedes,
1509 4639 1592 4678 crura

376 4712 402 4759 ot
416 4718 497 4758 coxas
512 4712 631 4777 tegerent
645 4747 652 4775 ,
674 4712 785 4775 pectora
798 4713 825 4760 et
837 4722 883 4761 ora
897 4707 948 4762 vini
969 4707 1091 4762 faecibus
1110 4715 1260 4779 ungerent,
1281 4717 1308 4764 et
1328 4710 1457 4766 cornibus
1477 4710 1591 4781 denique

376 4792 476 4847 frontes
491 4801 625 4849 armarent
638 4813 643 4848 ε
661 4809 746 4865 eoque
760 4800 840 4864 panto
853 4794 939 4865 prima
953 4794 1051 4851 theatri
1065 4812 1178 4867 {tersona
1191 4797 1286 4852 extitit.
