3942 5592
415 491 456 553 96

376 600 570 677 constabunt,
586 595 771 660 constabunt
793 593 883 657 simut
897 596 969 655 tuae
984 551 1130 655 maximae
1143 608 1216 671 erga
1231 610 1278 655 me
1299 591 1520 658 munificentiae
1533 606 1598 653 cer·

378 694 493 755 lissima
520 694 723 755 monumenta.
738 688 813 750 Com
827 687 921 767 igitur
946 689 1023 748 banc
1043 688 1162 763 urbem,
1180 688 1237 749 boc
1251 706 1377 767 regnum
1397 688 1439 749 ita
1459 685 1596 766 egregie,

377 786 539 849 honorilice
554 786 682 860 rexeris,
701 788 738 846 ut
754 789 826 844 tuus
840 780 976 844 vicarius
991 781 1180 858 principatus
1195 781 1234 842 nit
1246 783 1325 843 aliud
1342 781 1445 858 luerit,
1459 780 1515 843 nisi
1528 797 1599 840 con·

380 885 463 940 stans
477 896 512 940 ac
526 881 672 957 perpetua
699 880 821 937 nostrae
835 875 954 950 salutis,
971 873 1112 934 fortunae
1132 875 1275 938 aetarnae
1288 875 1433 952 defensio,
1450 872 1542 935 modo
1555 875 1601 930 le-

376 987 446 1031 cum
461 970 601 1048 precibus
614 985 703 1045 quam
716 965 946 1046 diligentissime
960 965 1089 1044 agimus,
1103 970 1138 1043 qt
1151 967 1248 1029 omnia
1260 967 1415 1043 benetlcia,
1429 982 1505 1044 quae
1519 963 1599 1041 apud

381 1080 435 1125 nos
453 1063 620 1139 collocasti,
629 1062 707 1144 apud
724 1063 861 1122 nostrum
873 1059 1116 1138 potentissimum
1129 1077 1230 1138 regem
1240 1064 1416 1122 conservata
1431 1076 1499 1120 esse
1514 1058 1598 1120 velis:

377 1159 409 1217 et
425 1152 526 1235 (qnod
551 1154 671 1216 minime
692 1153 757 1215 lieri
773 1169 861 1233 posse
876 1148 1109 1231 arbitrabamur]
1123 1153 1159 1212 ad
1173 1157 1223 1213 lua
1239 1154 1366 1217 maxima
1382 1152 1411 1214 in
1426 1168 1480 1213 nos
1495 1165 1599 1212 omnes

376 1250 481 1311 merita
496 1249 643 1311 maximos
657 1246 790 1309 omnium
805 1247 862 1309 boc
876 1250 929 1306 too
950 1243 1032 1306 tacto
1046 1245 1184 1306 cumulus
1198 1244 1332 1308 accedat.

898 1434 994 1495 olto
1007 1435 1030 1494 Τ
1043 1435 1088 1497 10

518 1630 556 1691 ln
568 1629 674 1708 [onere
690 1600 873 1690 Cotbminoe
884 1602 1051 1705 droganice
1066 1623 1305 1706 Seqorbienrium
1316 1622 1402 1686 daos
1417 1642 1458 1690 ee.

931 1817 944 1898 (
956 1817 1056 1899 1697)

420 2011 574 2075 Loctoosa
589 2012 711 2090 quidem
726 2016 822 2089 alque
836 2010 916 2073 omni
932 2009 1055 2071 tristitia
1069 2009 1170 2088 granis
1186 2009 1303 2071 dicendi
1318 2008 1454 2088 occasio,
1476 2011 1605 2073 acerbus

380 2123 451 2168 sane
465 2112 561 2184 atque
574 2108 654 2168 omni
666 2123 802 2188 moerore
815 2107 924 2183 plenus
938 2104 1026 2166 olllcii
1040 2105 1124 2166 locos
1138 2104 1163 2164 is
1176 2107 1236 2177 est,
1254 2121 1342 2179 quem
1358 2105 1446 2168 bodie
1463 2107 1562 2183 nobis,
1577 2108 1605 2167 in

380 2202 584 2279 amplissimae
609 2218 645 2262 oc
667 2199 924 2278 praeclarissimae
945 2197 1124 2258 catharinae
1147 2197 1313 2275 aragoniae
1339 2198 1606 2274 teneraetenerae

382 2298 444 2360 lata
457 2317 560 2377 parum
569 2299 729 2361 admodum
742 2298 826 2361 nobis
838 2314 933 2375 aequa
948 2297 1143 2358 obtulerunt:
1157 2311 1285 2371 quarum
1296 2316 1399 2359 rerum
1410 2298 1517 2370 attera,
1529 2316 1609 2375 quae

381 2395 410 2454 in
429 2397 513 2454 actae
527 2393 611 2453 vilae
625 2393 792 2454 laudatione
806 2392 904 2468 posita
919 2394 979 2463 est,
990 2407 1063 2468 prae
1078 2389 1199 2449 laudum
1212 2390 1419 2467 amplitudine,
1433 2408 1509 2467 quae
1519 2393 1608 2469 longe

380 2487 500 2563 lateque
513 2502 547 2546 se
559 2487 703 2564 pandunt,
717 2502 753 2545 ac
762 2485 878 2544 caelum
897 2483 986 2543 lermc
998 2482 1177 2559 gloriatione
1191 2482 1519 2560 contingunt,maximis
1533 2485 1610 2546 dilli-

372 2582 548 2650 ‚cuttatibos
570 2579 732 2658 impeditur
745 2596 753 2638 a
767 2576 876 2649 altera,
893 2593 970 2652 quoe
992 2580 1042 2636 est
1057 2577 1085 2636 in
1102 2574 1206 2636 mortis
1219 2575 1480 2655 collacrymatione
1495 2580 1606 2654 lamia,

380 2691 454 2753 prae
478 2674 642 2737 acerbitate
658 2670 800 2746 vrrloeris,
817 2670 899 2747 quod
914 2670 943 2732 in
959 2669 1064 2731 animis
1078 2667 1317 2745 uniuscuiusque
1338 2674 1473 2734 nostrum
1489 2673 1609 2752 infligit,

384 2771 495 2827 cuncta
511 2765 745 2826 consolationum
760 2779 870 2841 genera
885 2762 1017 2843 respuit:
1034 2767 1125 2838 atque
1135 2780 1203 2823 cum
1219 2764 1304 2838 baec,
1320 2767 1384 2825 lom
1397 2766 1455 2825 alia
1477 2769 1516 2827 ila
1532 2767 1610 2829 inter

384 2880 451 2924 sese
465 2864 544 2926 ultro
553 2863 691 2939 citroque
701 2862 898 2924 adversantur
909 2865 1132 2941 acpugnant,ul
1146 2862 1240 2924 altera
1255 2880 1303 2923 res
1315 2866 1438 2925 alteram
1454 2882 1511 2926 non
1522 2866 1611 2928 modo

382 2980 440 3024 non
455 2965 607 3042 excipere,
622 2963 675 3023 sed
689 2961 810 3024 omnino
824 2963 913 3023 etiam
927 2963 1087 3023 excludere
1101 2978 1136 3023 ac
1149 2964 1308 3041 probibere
1325 2964 1473 3025 videatur.
1495 2964 1608 3027 Etenim

384 3063 434 3139 qui
458 3061 521 3124 lteri
537 3065 640 3140 potest
655 3064 692 3123 ut
706 3062 786 3123 illius
800 3062 941 3140 Principis
956 3062 1121 3124 laudationi
1132 3062 1287 3126 commode
1309 3063 1350 3122 sit
1366 3079 1495 3139 osquam
1512 3065 1607 3140 locos,

385 3157 471 3238 cujus
486 3155 586 3232 obitos
602 3154 754 3217 innumera
770 3154 939 3231 etquidem
953 3153 1164 3217 florentissima
1176 3156 1297 3235 oppida,
1310 3156 1506 3232 quamplures
1518 3158 1609 3220 urbes

384 3246 478 3325 pacis,
495 3263 530 3307 ac
551 3245 678 3308 militiae
700 3245 808 3307 studiis
833 3248 947 3309 nobiles
967 3264 1003 3309 ac
1025 3249 1205 3326 praeclaras,
1232 3263 1290 3307 non
1312 3263 1422 3324 paucas
1443 3249 1611 3326 provincias

279 3332 286 3351 ’
385 3344 535 3422 maiorum
563 3346 670 3424 gloria,
687 3346 803 3424 legibus
823 3351 915 3423 atque
932 3347 1080 3407 institutis
1102 3346 1245 3424 insignes,
1262 3363 1340 3424 quae
1356 3363 1461 3407 omnes
1475 3348 1611 3428 ejusdem

386 3441 501 3500 ditione
513 3439 703 3513 tenebantur,
720 3441 762 3500 ita
773 3440 900 3501 moleste
912 3445 943 3500 et
954 3442 1088 3518 graviter
1098 3441 1192 3518 angit,
1210 3446 1244 3501 ut
1256 3458 1341 3502 nemo
1353 3459 1481 3518 unquam
1495 3463 1535 3509 ex
1549 3444 1609 3505 olla

385 3538 555 3601 calamitate
577 3539 720 3601 tristitiae
734 3540 802 3617 plns
819 3539 953 3602 hauserit
974 3556 1009 3600 ac
1020 3536 1162 3602 doloris?
1175 3541 1325 3615 Quaenam
1339 3542 1436 3603 oratio
1452 3542 1531 3604 iltius
1546 3542 1609 3603 bla-

388 3634 489 3712 gnatis
507 3637 572 3694 acta
583 3637 730 3711 gestaque
742 3634 939 3712 undequaque
953 3634 1065 3695 uirtute
1076 3651 1204 3709 summa,
1218 3653 1253 3696 ac
1264 3637 1372 3697 eximin
1386 3636 1533 3714 dignitate
1548 3638 1611 3716 ple-

388 3727 510 3789 nissima
531 3730 601 3804 apte
614 3741 762 3790 exornare
783 3742 817 3786 ac
830 3726 972 3786 decenter
994 3729 1106 3802 potest,
1120 3727 1210 3803 cuius
1232 3743 1313 3786 mors
1327 3727 1545 3804 amplissimum
1561 3727 1610 3786 lli·

388 3839 548 3903 spanorum
574 3840 732 3903 procerum
747 3822 878 3891 ordinem
896 3823 972 3882 tanti
984 3823 1129 3883 moeroris
1144 3824 1378 3901 acerbitatisque
1389 3826 1559 3905 complevit,
1576 3830 1611 3887 ut

389 3916 409 3976 ii
424 3934 512 3979 omne
540 3917 632 3979 decus
646 3934 681 3978 ac
696 3919 902 3976 ornamentum
931 3913 1050 3975 Ordinis
1074 3914 1122 3975 soi
1138 3918 1259 3995 penitus
1274 3919 1409 3979 amisisse
1430 3919 1614 3981 videantori

388 4010 545 4082 Quodnam
572 4009 700 4085 denique
725 4007 874 4086 ingenium
890 4009 918 4068 in
933 4008 1012 4068 illius
1028 4007 1179 4070 Matronae
1205 4010 1342 4073 laudibus
1358 4012 1408 4086 ila,
1425 4015 1460 4071 ut
1484 4030 1615 4088 aequum

390 4106 452 4177 est,
475 4103 660 4178 detineatur,
682 4099 773 4177 cujus
797 4101 918 4162 interitu
942 4101 1200 4178 celeberrimaque
1226 4103 1351 4181 imperio
1374 4103 1616 4181 reipublicaeque

389 4196 498 4273 opibus
513 4195 723 4272 potentissima
733 4194 885 4274 Hispania,
903 4192 992 4254 immo
1007 4193 1071 4271 ipsa
1085 4194 1236 4273 llispanici
1251 4197 1364 4275 imperii
1380 4196 1536 4271 majestas,
1552 4212 1619 4256 rno-

392 4295 498 4355 lestiae
513 4293 674 4371 plurimum
690 4308 724 4353 ac
737 4292 850 4352 doloris
864 4292 1036 4370 suscepisse
1049 4295 1236 4374 intelligitur,
1253 4296 1334 4374 qood
1350 4300 1459 4357 tantam
1475 4295 1615 4372 antiquae

394 4388 517 4448 virtutis
534 4387 654 4445 ltatrem
670 4387 817 4459 amiserit,
834 4403 912 4462 quae
927 4386 1034 4448 Filium
1047 4390 1180 4451 omnium
1196 4390 1371 4468 maximede
1386 4389 1537 4466 republica
1553 4405 1615 4448 me·

393 4482 486 4541 ritum
502 4476 681 4554 reipublicae
702 4472 847 4537 dederit?
861 4479 937 4550 Quin
951 4480 1045 4544 etiam
1061 4483 1269 4563 aegritudinis,
1285 4499 1343 4559 qua
1365 4485 1495 4545 adicitur
1507 4482 1614 4560 llispa·

395 4578 457 4648 nia,
470 4593 523 4637 ara
535 4579 566 4635 et
578 4579 668 4652 caput
682 4576 809 4653 imperii,
824 4577 904 4638 socia
915 4576 1059 4642 fidissima
1071 4587 1140 4641 suot
1153 4585 1304 4658 quotquot
1328 4583 1442 4658 reliqua
1457 4598 1546 4660 regna
1560 4580 1616 4641 lie·

395 4676 425 4753 gi
441 4674 639 4750 llispanorum
651 4673 781 4734 maximo
793 4675 1015 4756 subjiciuntur,
1032 4696 1109 4755 quae
1121 4679 1220 4740 omnia
1235 4681 1294 4740 vim
1305 4680 1416 4757 doloris
1427 4679 1548 4742 minime
1562 4696 1617 4739 sn·

390 4769 512 4840 slinent,
525 4764 604 4847 quod
619 4766 668 4829 illa
681 4768 783 4833 erinis
793 4774 960 4834 excesserit
970 4772 1146 4849 officioram,
1167 4771 1435 4849 beneficiorumque
1446 4770 1613 4839 blateram-
